3980 6210
361 332 493 402 213Ἱ

358 466 546 507 verum
596 447 814 502 tradidit
862 445 1124 499 Arrianus
1172 441 1375 508 Emped.
1424 440 1684 495 Alexand.
1744 452 1798 499 ι,
1839 435 1930 490 25.

360 536 661 604 Episcopus
703 532 813 585 τῶν
868 529 1154 599 Πιννάρων
1196 526 1516 581 Theodorus
1558 539 1680 578 cum
1723 521 1938 575 Niczeno

359 618 600 671 secumlo
629 631 680 683 p.
711 616 780 669 52
802 615 945 668 inter
968 610 1164 682 Lycios
1192 623 1384 663 nomen
1411 606 1749 676 profiteatur,
1779 604 1939 672 digna

360 699 546 768 utique
578 700 707 752 urbs
734 695 914 751 fuerat
944 696 1031 750 cui
1067 694 1121 747 in
1152 691 1483 762 Geograpliia
1519 686 1576 743 S.
1615 689 1765 743 locus
1800 684 1936 741 assi-

358 792 639 853 gnaretur.

428 876 541 930 Ccl.
576 875 697 929 H9.
720 875 968 945 Σίδυμα.
991 874 1171 929 ltams.
1197 883 1250 927 et
1274 873 1574 933 verissime,
1596 880 1655 925 ut
1678 884 1741 923 ex
1763 870 1940 924 Ptole-

360 974 496 1012 mmo
538 969 593 1012 et
638 958 809 1012 Plinio
859 966 1095 1012 constat.
1130 956 1286 1010 Addo
1327 956 1685 1009 Zemarchum
1733 953 1942 1014 πόλεως

362 1040 609 1107 Σιδύμων
649 1040 748 1109 τῆς
792 1041 995 1104 Λυκίας
1040 1040 1274 1095 concilio
1317 1038 1732 1105 Constantinop.
1783 1036 1943 1089 tertio

363 1141 417 1192 p.
449 1124 556 1178 505
593 1132 646 1178 et
681 1124 1030 1178 Nicodemum
1075 1124 1286 1185 πόλεως
1317 1123 1565 1191 Σιδύμων
1611 1120 1826 1174 Nicmno
1858 1134 1943 1173 se-

361 1209 538 1262 cmtdo
561 1225 611 1277 p.
646 1208 716 1262 52
740 1208 1153 1274 subscripsisse.
1191 1205 1550 1272 Theophanes
1583 1206 1646 1258 de
1669 1204 1943 1257 Marciano

360 1290 619 1359 Cltonogr.
653 1307 707 1359 p.
738 1291 805 1344 89
832 1308 844 1344 :
877 1291 986 1343 Καὶ
1028 1289 1316 1357 γενόμενος
1347 1290 1404 1341 ὲν
1432 1289 1632 1357 Λυκίᾳ,
1665 1288 1945 1359 ἀρρωστίᾳ

362 1373 679 1447 περιπεσὼν
724 1376 815 1426 καὶ
860 1372 1244 1442 καταλειφθεὶς
1279 1374 1338 1425 ὲν
1381 1373 1529 1426 πόλει
1572 1370 1816 1442 Σύδημα,
1855 1372 1944 1425 ubi

361 1458 481 1511 sine
529 1456 694 1510 dubio
736 1456 942 1525 Σίδυμα
982 1464 1221 1526 Oportet,
1268 1470 1377 1526 quo
1403 1463 1457 1509 et
1504 1471 1630 1510 mss.
1662 1454 1943 1508 Barbcrini

363 1537 574 1608 Σίδημα
614 1537 782 1593 ducit.
831 1538 1166 1594 Holsteiuius
1204 1539 1255 1592 in
1302 1538 1469 1593 dubio
1518 1548 1696 1591 utrum
1740 1537 1947 1606 Σίδυμα

364 1637 430 1701 an
480 1622 687 1692 Δίδυμα
741 1623 996 1691 probaret
1040 1620 1331 1692 fuit.;Vide
1384 1621 1449 1676 ad
1503 1619 1838 1690 Stephanum
1891 1620 1944 1673 in

363 1705 483 1757 Δ’δυ
494 1723 592 1775 μον
620 1715 673 1759 et
695 1706 921 1775 Σίδυμα.

437 1800 574 1855 Ibid.
608 1800 752 1856 Τλῶ.
787 1799 899 1855 Hoc
922 1816 952 1855 e
993 1815 1123 1856 mss.
1161 1814 1350 1855 verum
1388 1798 1574 1863 fuerit,
1603 1798 1763 1853 modo
1792 1797 1946 1861 Τλῶς

365 1885 615 1953 legeris,
656 1900 817 1954 quam
870 1885 1057 1939 urbem
1110 1885 1256 1939 inter
1309 1897 1404 1938 sex
1459 1884 1722 1937 maximas
1770 1883 1947 1953 Lycia:

370 1970 569 2021 Strabo
595 1986 703 2033 xw,
738 1984 788 2037 p.
827 1969 952 2035 665,
982 1968 1169 2023 refert.
1204 1967 1449 2021 Andreas
1476 1967 1681 2029 πόλεως
1706 1966 1948 2020 Τλοαίων

367 2052 699 2109 Chalcedon.
728 2069 780 2121 p.
807 2055 873 2110 97
894 2066 947 2108 et
969 2053 1224 2123 Τρόγλων
1249 2069 1300 2123 p.
1328 2052 1454 2117 399,
1481 2070 1541 2106 ac
1561 2053 1949 2106 Constantinus

365 2135 541 2199 Τλῶν,
587 2138 676 2205 qui
721 2137 952 2190 Τλωέων
990 2138 1097 2193 dici
1126 2136 1420 2202 debuerat,
1457 2134 1675 2191 Nicicno
1710 2138 1948 2191 secundo

368 2233 421 2287 p.
458 2218 527 2271 52
556 2221 871 2273 adfuerunt.

438 2316 571 2371 Ibid.
610 2319 921 2387 Τελμισός.
947 2317 1502 2373 Ρηιιειειείὺίιαυιθιη
1531 2318 1819 2389 geminari,
1847 2316 1948 2372 etsi

368 2398 666 2469 Hesychius
687 2402 975 2470 Τελμισεῖς
1001 2402 1154 2465 ἔθνος
1185 2402 1312 2473 περὶ
1344 2402 1573 2469 Λυκίαν,
1607 2413 1661 2456 et
1698 2402 1950 2457 Clemens

366 2482 770 2539 Alexandrinus
798 2485 1059 2539 Stromat.
1099 2501 1136 2550 ι,
1169 2501 1221 2553 p.
1260 2486 1358 2540 561
1387 2487 1520 2540 edit.
1555 2485 1734 2541 Oxon.
1761 2485 1951 2556 ὥσπερ

368 2565 654 2635 Τελμισεῖς
707 2566 805 2637 τὴν
858 2566 925 2620 δι’
974 2568 1198 2636 ὀνείρων
1257 2570 1563 2638 μαντικήν,
1615 2578 1668 2623 ct
1721 2569 1953 2624 Basilius

368 2649 445 2702 M.
477 2650 635 2716 epist.
665 2649 769 2703 218
797 2651 855 2702 ὲν
885 2649 1146 2720 Τελμεσῷ
1190 2649 1417 2723 Ὶλάριος
1452 2651 1784 2713 ἐπίσκοποςε
1815 2652 1950 2705 alte-

372 2747 490 2784 rum
514 2733 659 2785 enim
690 2734 932 2802 plerique
958 2744 1197 2788 veterum
1235 2736 1462 2802 probare
1486 2736 1680 2802 solent,
1706 2736 1952 2804 interque

372 2832 465 2870 cos
495 2815 750 2872 Clemens
786 2818 901 2886 ipse
942 2815 1208 2887 Protrept.
1250 2834 1302 2888 p.
1336 2818 1425 2873 40.
1465 2818 1646 2874 Posita
1676 2822 1804 2875 urbs
1835 2830 1954 2874 erat

373 2902 425 2953 in
466 2899 601 2953 t-olle
636 2911 906 2969 prmrupto
941 2902 1083 2954 circa
1124 2916 1273 2955 mare
1312 2903 1451 2970 apud
1484 2902 1773 2956 Arrianum
1812 2901 1949 2972 Exp.

373 2984 611 3036 Alexand
653 2999 689 3047 I,
713 2983 827 3047 28.,
862 2983 1108 3053 sinuique
1130 2998 1325 3037 nomen
1367 2984 1514 3038 fecit.
1548 2984 1950 3049 Lueanusrnt,

370 3068 479 3120 218
509 3085 521 3119 :
564 3066 888 3136 Magnosque
919 3070 1065 3121 sinus
1100 3068 1438 3121 Telmissidos
1471 3069 1627 3123 unda:
1654 3080 1951 3136 compensat

374 3152 769 3220 ποιείιὶοξρεΙαθὶ.
814 3152 904 3206 Sic
948 3152 1176 3205 malim:
1229 3166 1350 3204 nam
1380 3162 1433 3205 et
1478 3150 1849 3207 Thetuissidos
1899 3155 1953 3211 in

376 3249 535 3287 manu
598 3246 826 3289 exarata
895 3235 1030 3287 libro
1090 3233 1182 3287 Fr.
1251 3232 1662 3302 Oudendorpius
1721 3236 1950 3290 invenit.

375 3315 510 3371 Vide
564 3316 756 3371 Cellat‘.
805 3316 871 3372 ϐ.
919 3318 985 3372 Δ.
1019 3333 1103 3384 ttt,
1153 3317 1223 3386 5,
1275 3332 1328 3387 p.
1378 3317 1477 3373 107
1521 3327 1575 3373 et
1609 3315 1849 3373 Holstein
1900 3320 1953 3374 in

377 3400 736 3469 Stephanum.

448 3514 578 3566 Ibid.
622 3514 877 3580 Καῦνος.
932 3513 1106 3569 Carire
1165 3515 1306 3569 hanc
1358 3514 1546 3569 urbem
1599 3517 1776 3571 serior
1825 3530 1955 3574 astas

377 3594 555 3664 Lyciae
592 3598 905 3650 contribuit.
943 3597 1112 3651 Arces
1141 3599 1258 3667 ejus
1305 3597 1623 3655 Heracleum
1671 3612 1725 3655 et
1774 3601 1956 3656 Persi-

379 3696 500 3733 cum
549 3677 812 3734 Diodorus
860 3679 1074 3734 Siculus
1124 3698 1215 3746 xx,
1246 3697 1297 3750 p.
1349 3683 1473 3745 766,
1522 3700 1628 3738 non
1668 3686 1952 3752 praeteriit.

378 3768 520 3832 Ager
550 3765 691 3817 circa
723 3764 911 3816 urbem
946 3764 1082 3816 satis
1111 3764 1242 3818 uber
1269 3772 1323 3818 et
1355 3764 1546 3820 fertilis
1572 3775 1709 3831 erat,
1741 3770 1834 3821 Sed
1865 3784 1957 3825 aer

381 3864 479 3917 per
502 3854 743 3899 :rstatetn
776 3854 829 3898 et
857 3857 1177 3897 autumnum
1211 3844 1709 3913 pestilentissimus,
1736 3862 1956 3907 auctore

381 3932 648 3986 Strabone
679 3943 787 3994 XIV,
821 3944 877 3998 p.
911 3926 1036 3991 651,
1070 3928 1210 3981 unde
1238 3927 1545 3984 valetudine
1581 3930 1955 3998 habitantium,

380 4016 525 4082 quod
551 4012 683 4067 Mela
711 4013 806 4079 ait,
843 4010 1098 4081 Oppidum
1132 4020 1250 4065 erat
1285 4011 1528 4067 infame:
1567 4014 1770 4083 passim
1811 4016 1958 4071 cives

381 4098 792 4163 febricitabanl,
832 4096 1137 4165 pallidaque
1163 4097 1309 4149 vultu
1345 4096 1591 4150 morbum
1635 4098 1957 4167 prodebant,

381 4196 545 4251 quam
588 4180 638 4233 iu
678 4195 787 4233 rem
827 4189 1023 4247 printer
1057 4175 1380 4232 Strabonem
1421 4179 1635 4248 egregia
1670 4180 1832 4235 habet
1865 4183 1961 4239 Dio

385 4266 803 4332 Cluysostomus
826 4267 962 4314 orat.
988 4258 1077 4322 52,
1111 4274 1164 4328 p.
1191 4258 1315 4317 590.
1346 4258 1646 4329 Hesychius
1671 4262 1722 4316 in
1747 4263 1961 4329 Καῦνος

385 4348 519 4400 dicit
564 4344 746 4398 Ῥόδου
786 4358 906 4397 esse
947 4342 1122 4404 πόλιν,
1160 4342 1415 4408 quoniam
1462 4342 1688 4399 Rhodiis
1716 4346 1957 4415 subjecta

390 4429 511 4483 fuit.
532 4426 813 4481 Descivere
828 4425 1042 4495 quidem
1067 4426 1230 4481 abhis
1248 4423 1436 4480 Caunii
1454 4430 1592 4496 apud
1612 4425 1821 4482 Livium
1837 4446 1960 4497 va,

386 4512 483 4576 25,
526 4511 618 4564 sed
656 4521 708 4564 et
757 4509 811 4563 in
855 4508 1101 4563 ordinem
1143 4518 1270 4563 sunt
1314 4510 1515 4564 redacti
1555 4520 1609 4565 et
1638 4526 1667 4565 a
1700 4510 1962 4569 Romanis

387 4596 640 4661 deinceps
670 4592 862 4647 iisdem
896 4592 1121 4655 addicti,
1156 4592 1333 4646 indice
1366 4592 1673 4660 Strabone;
1701 4609 1807 4662 quo
1832 4597 1963 4667 jugo

388 4678 617 4732 necdum
660 4675 887 4730 exsoluti
919 4684 1104 4737 erant,
1135 4688 1254 4726 cum
1296 4674 1627 4729 Rhodiacam
1663 4676 1759 4730 Dio
1787 4677 1963 4749 Chry-

388 4770 663 4817 sostomus
708 4759 976 4813 recitaret.
1026 4756 1121 4818 Τίς
1151 4757 1259 4826 γὰρ
1288 4756 1439 4825 παρὰ
1470 4757 1756 4822 Καυνίοις,
1790 4760 1965 4829 inquit

388 4863 441 4915 p.
469 4845 595 4908 519,
623 4845 815 4913 γέγονε
837 4842 1081 4910 γενναῖος
1107 4838 1279 4909 ἁνήρ;
1310 4838 1341 4907 ἢ
1364 4837 1447 4901 τίς
1479 4837 1697 4892 πώποτε
1721 4842 1962 4906 ἐκείνους

387 4928 592 4995 ἀγαθόν
632 4945 686 4979 τι
733 4926 1067 4994 πεποίηκεν;
1114 4922 1168 4975 οί
1204 4938 1264 4990 γε
1308 4921 1651 4975 δουλεύουσιν
1696 4924 1792 4993 οὐχ
1836 4926 1966 4994 ὑμῖν

392 5014 592 5083 μονοις,
619 5012 753 5065 ἀλλὰ
777 5012 870 5064 καὶ
905 5007 1215 5079 Ῥωμαίοις,
1240 5006 1309 5059 δι’
1341 5006 1646 5078 ὑπερϐολὴν
1667 5009 1852 5071 ἀνοίας
1874 5009 1967 5061 καλ⁵

393 5096 692 5166 μοχθηρίας
714 5094 905 5163 διπλῆν
930 5094 1111 5155 αὐτοῖς
1135 5090 1233 5161 τὴν
1259 5088 1502 5144 δουλείαν
1525 5094 1966 5148 κατασκευάσαν-

388 5198 498 5242 τες.
527 5182 708 5246 Quare
739 5194 860 5234 cum
892 5192 954 5231 ea
988 5174 1190 5230 fuerint
1225 5175 1421 5229 misera
1454 5175 1764 5230 conditione
1793 5185 1847 5230 et
1876 5177 1963 5229 in-

390 5265 735 5317 considerata
773 5262 1106 5320 temeritate,
1138 5272 1203 5310 ue
1232 5259 1491 5312 miremur
1516 5259 1581 5312 ab
1612 5258 1801 5313 eodem
1840 5274 1969 5313 ora-

393 5358 509 5400 tore
564 5362 614 5413 p.
657 5344 792 5407 526,
843 5344 970 5405 τοὺς
1016 5341 1381 5405 κακοϐούλους
1423 5342 1646 5405 τούτους
1695 5343 1967 5409 Καυνίους

393 5430 612 5496 pessime
639 5429 737 5481 sibi
763 5425 1086 5479 consulentes
1118 5424 1347 5479 Caunios
1378 5426 1655 5495 appellari.

472 5523 718 5591 Ἀραξίι.
756 5523 965 5576 Habent
990 5523 1174 5575 urbem
1203 5520 1509 5591 Stephanus
1540 5534 1594 5575 et
1623 5522 1961 5579 Ptolemmus.

399 5606 721 5661 Theodorus
754 5607 1037 5673 episcopus
1062 5604 1268 5667 πόλεως
1304 5604 1547 5680 ’Λρὰξων
1574 5607 1841 5676 ἐπαρχίας
1862 5609 1968 5659 Λυ-

398 5694 559 5756 γίιις,
601 5692 714 5746 sive
772 5689 1044 5761 ’Λράζων,
1089 5700 1145 5742 ιιι
1180 5706 1458 5757 perperam
1494 5711 1543 5761 p.
1581 5693 1706 5755 675,
1743 5694 1969 5747 Concilio

401 5774 816 5847 Constantiuop.
888 5774 1091 5842 tertio,
1160 5774 1311 5844 prius
1382 5778 1687 5846 Sicpinllus
1763 5777 1965 5842 πόλεως

1243 329 1633 392 COMMENT.
1675 327 1756 388 IN
1798 322 2213 385 HIEROCLIS
2251 320 2796 385 SYNECDEMUM.

3484 307 3617 374 1138

2046 435 2305 507 Ἀράζου.
2340 434 2561 490 Nicaeuo
2582 432 2828 489 secundo
2864 445 2919 499 p.
2953 426 3076 492 556,
3116 424 3502 494 subscripsisse
3542 424 3624 477 di-

2047 522 2209 575 citur.
2234 521 2416 574 Bubon
2440 534 2504 574 ex
2544 516 2718 572 Plinio
2748 523 2871 571 nota
2901 522 3004 568 est.

2118 603 2250 659 Ibid.
2287 601 2595 658 Ἠνόανδα.
2633 599 2890 654 Οἰνόανδα
2918 610 2983 651 ex
3021 592 3196 649 Piinio
3225 600 3279 645 et
3311 589 3621 659 Slcpnano:

2047 703 2172 741 nam
2193 686 2467 741 Ptolema-i
2491 683 2749 738 Οἱνέανδα
2773 691 2919 735 recta
2943 694 3046 734 non
3069 687 3213 733 sunt.
3234 676 3406 729 Prave
3428 672 3642 725 concil..

2046 768 2457 838 Consmntiuop.
2473 769 2635 822 tertio
2656 782 2709 837 p.
2726 767 2832 821 675
2849 764 3111 831 Georgius
3125 757 3319 829 pracsul
3336 751 3626 808 Ὕνιανδοῢ

2048 852 2319 920 ἐπαρχίας
2348 853 2585 917 Λυκίας,
2617 861 2670 904 et
2701 864 2756 919 ι).
2795 849 2920 911 ιΞὶ55,
2958 844 3279 906 Οἱνιάνδων,
3313 857 3377 895 ac
3410 839 3633 893 Nicaeno.

2050 933 2290 991 secundo
2329 948 2382 1002 p.
2413 933 2519 986 526
2553 934 2819 1002 Georgius
2853 929 3133 984 Οίνιάνδου
3167 925 3445 980 scribitur.

2118 1020 2255 1075 lbid.
2300 1019 2597 1085 Βαλούρα.
2626 1017 2944 1087 Βάλὸουρα,
2993 1026 3052 1067 ut
3092 1014 3144 1066 in
3172 1010 3343 1063 Plinio
3368 1015 3421 1060 et
3451 1003 3639 1057 Ptole-

2049 1119 2218 1169 maeo,
2260 1104 2412 1167 cujus
2448 1100 2631 1169 oppidi
2675 1101 2958 1167 cpiscopus
3001 1094 3335 1151 Chalcedon.
3383 1087 3630 1143 Concilio

2051 1204 2102 1257 p.
2161 1187 2267 1241 524
2313 1184 2593 1253 Philippus
2640 1181 3030 1250 Βαρόουρὲων,
3079 1188 3133 1233 et
3173 1194 3227 1245 p.
3277 1173 3382 1228 666
3418 1171 3630 1232 πόλεως

2050 1271 2450 1342 Βαλόουραίων,
2480 1267 2679 1337 optime
2710 1264 3065 1333 Βαλϐουρὲων
3095 1278 3145 1329 p.
3180 1260 3247 1316 9'!
3278 1268 3522 1312 vocatur.

2124 1336 2720 1423 11›ἱι1.“Κομιο-τάραος.
2754 1348 2905 1415 Mihi,
2942 1346 3041 1401 nisi
3070 1342 3376 1413 Corydalla,
3400 1342 3467 1395 sit
3500 1336 3635 1393 nihil

2054 1439 2119 1493 de
2153 1453 2215 1491 ea
2255 1436 2510 1489 innotuit.

2126 1522 2260 1576 Ibid.
2303 1519 2441 1571 Ὑπὸ
2472 1516 2757 1585 ἡγεμόνα.
2787 1516 2893 1568 Lsub
2942 1512 3260 1581 Vespasiano
3292 1507 3525 1576 principe
3554 1504 3637 1556 in-
3676 1554 3695 1563 ,

2054 1606 2293 1659 sularum
2327 1600 2597 1669 provincia
2639 1598 2784 1666 facta
2822 1606 2925 1665 est,
2960 1594 3157 1648 Sextus
3188 1592 3356 1645 Rufus
3393 1589 3466 1643 ait
3504 1587 3633 1639 Bre-

2055 1690 2188 1744 viar.
2248 1702 2299 1741 c.
2358 1685 2462 1749 10,
2515 1681 2859 1751 prwsidisque
2910 1678 3125 1743 imperio
3179 1674 3446 1742 subjecta:
3492 1671 3641 1724 unde

2058 1770 2422 1828 Diocletianus
2489 1768 2787 1836 imperator
2845 1764 2910 1817 ad
2980 1760 3269 1829 Diogenem
3336 1754 3634 1810 insularum

2054 1854 2337 1925 prmsidem
2376 1851 2564 1906 scribit
2585 1848 2621 1903 Ι.
2650 1864 2677 1899 v
2711 1863 2761 1902 c.
2790 1846 2877 1900 ubi
2909 1859 3062 1898 caus.
3099 1850 3253 1905 stat.,
3284 1838 3637 1905 ejusdemque

2056 1919 2421 1993 meminerunt
2477 1934 2832 2001 imperatores
2884 1926 3158 1982 Honorius
3204 1934 3256 1977 et
3299 1919 3638 1977 Theodosius

2056 2022 2110 2075 ili
2145 2021 2177 2074 l.
2213 2020 2282 2076 52
2312 2034 2363 2073 c.
2397 2016 2500 2071 Tb.
2539 2016 2604 2069 de
2636 2012 2903 2077 Navicul.,
2946 2010 3034 2064 ubi
3067 2008 3218 2078 plura
3253 2001 3635 2059 Gothofredus.

2056 2109 2230 2176 Agere
2278 2118 2479 2173 praeses
2532 2100 2849 2169 plerumque
2896 2094 3068 2149 Rhodi
3106 2091 3338 2148 solebat.
3379 2100 3638 2163 quorsum

2057 2203 2179 2243 cum
2214 2188 2390 2241 hieme
2424 2182 2761 2253 periculosus
2790 2187 2846 2235 et
2877 2192 3022 2247 sarpe
3059 2176 3301 2229 incertus
3340 2179 3483 2223 esset
3511 2182 3653 2221 curo.

2058 2289 2180 2338 sus,
2222 2250 2674 2325 fritstra'RIiodiis
2717 2264 3110 2334 querentibus,
3150 2261 3505 2327 imperatores
3537 2250 3641 2304 Va-

2059 2336 2175 2413 lens
2198 2357 2485 2410 Gratianus
2513 2364 2566 2408 ct
2590 2349 2927 2406 Theodosius
2958 2347 3100 2400 aliud
3134 2344 3420 2398 edixerunt
3452 2338 3487 2391 ι.
3521 2336 3559 2388 6r
3583 2349 3634 2385 c.

2060 2444 2123 2497 de
2158 2440 2305 2496 ()llic.
2346 2447 2544 2493 rector.
2578 2430 3044 2505 provinc.Civitas
3082 2426 3433 2488 Rhodiarum,
3464 2420 3638 2483 aiunt,

2060 2525 2317 2593 injuriant
2363 2536 2516 2574 suam
2568 2534 2672 2571 non
2727 2526 2833 2569 tam
2884 2513 3124 2573 decenter
3159 2524 3316 2577 quam
3360 2520 3473 2559 sero
3519 2518 3645 2555 conv

2057 2586 2237 2672 questa
2285 2612 2380 2657 est.
2441 2600 2589 2655 Unde
2629 2596 2935 2657 inviolabili
2966 2592 3325 2648 observatione
3369 2586 3642 2642 sancimus

2061 2702 2145 2753 ut,
2181 2689 2429 2760 quoniam
2461 2695 2688 2753 tempore
2730 2680 2915 2741 hiemis
2952 2675 3218 2746 navigatio
3251 2687 3389 2742 swpe
3430 2670 3641 2738 pericu-

2060 2752 2278 2829 losa'est
2313 2784 2357 2825 et
2398 2752 2595 2836 semper
2630 2768 2832 2823 incerta
2854 2804 2869 2830 ,
2906 2764 2963 2817 in
2999 2760 3103 2815 illis
3138 2759 3364 2829 quinque
3403 2752 3643 2817 urbibus,

2059 2876 2175 2930 qua:
2221 2859 2448 2927 potiores
2488 2869 2598 2906 esse
2638 2851 2839 2905 cwteris
2881 2855 3222 2907 asseruntur,
3262 2840 3491 2894 vicissim
3533 2836 3647 2888 hie-

2062 2920 2313 2998 inanditm
2345 2939 2444 2992 sibi
2472 2936 2681 3005 judices
2711 2939 3107 3002 recognoscant.
3142 2926 3328 2994 Neque
3356 2924 3500 2976 enim
3537 2920 3667 2972 duo.

2060 3026 2338 3081 bitandum
2365 3003 2583 3076 videtur
2600 3018 2729 3088 quin
2753 3013 3112 3082 subjudicum
3140 3008 3356 3064 nomine
3381 3003 3645 3088 praesides

2062 3108 2516 3177 complectantur,
2550 3087 2808 3169 tantoque
2835 3096 3012 3151 minus
3037 3092 3181 3164 quod
3207 3102 3260 3147 et
3281 3090 3413 3144 alias
3432 3087 3646 3154 judices

2066 3195 2117 3252 in
2168 3173 2403 3246 lctorum
2448 3182 2768 3255 fragmentis
2810 3179 3065 3248 praesides
3122 3173 3530 3243 assignilicent,
3585 3179 3646 3223 ut

2063 3273 2325 3342 exemplis
2373 3271 2539 3327 Corn.
2585 3266 2701 3321 Van
2755 3260 3125 3319 Biukershmk
3176 3258 3455 3342 Obserrat.
3507 3270 3560 3319 t,
3610 3255 3655 3316 2,

2064 3339 2247 3416 docuit
2269 3355 2528 3428 pluribus.
2554 3352 2700 3408 Cave
2734 3364 2862 3405 vero
2885 3346 3127 3425 quinque
3148 3342 3334 3406 urbes,
3361 3340 3414 3394 in
3447 3339 3645 3409 quibus

2065 3420 2306 3499 vicissim
2361 3439 2593 3493 hiemem
2631 3420 2944 3502 transigere.
2978 3428 3274 3496 iubentur,
3334 3426 3399 3478 de
3455 3420 3649 3477 insulas

2066 3526 2238 3583 Rhodi
2278 3522 2504 3577 urbibus
2526 3533 2646 3573 cum
2688 3515 2851 3570 Gttid.
2890 3510 3176 3565 Panciiolo
3212 3509 3265 3561 in
3300 3504 3475 3559 Notit.
3514 3505 3642 3571 imp.

2066 3611 2266 3664 Orient.
2291 3622 2339 3662 c.
2367 3598 2905 3669 Itli’iuterpreteris:
2940 3604 3017 3650 tot
3040 3593 3127 3647 illa
3154 3606 3259 3645 non
3289 3589 3441 3652 vidit,
3472 3586 3662 3639 tribus

2064 3696 2190 3747 olim
2222 3690 2476 3758 superba,
2511 3686 2652 3739 unde
2686 3681 2934 3751 τρίπολις
2964 3680 3126 3739 νᾶσος
3155 3674 3393 3728 Pindaro
3430 3671 3643 3749 Olyntp.

2277 3744 2370 3826 sed
2398 3744 2517 3838 quin
2550 3768 2603 3821 itt
2633 3744 2794 3818 unam
2826 3760 3096 3824 Rhodum,
3128 3758 3373 3826 ejusdem
3404 3744 3541 3808 cum.
3566 3754 3646 3806 iu-

2067 3858 2183 3913 sula
2202 3835 2453 3917 nominis,
2470 3849 2720 3917 deinceps
2743 3845 3084 3907 coaluerunt,
3111 3840 3379 3894 Strabone
3397 3844 3534 3890 teste
3557 3835 3657 3898 14,

2069 3957 2121 4012 p.
2158 3938 2283 3993 655.
2309 3934 2560 4003 Quinque
2588 3928 2769 3994 urbes,
2805 3926 2908 3981 uisi
2932 3925 3106 3988 fallor,
3143 3921 3331 4012 insula:
3360 3926 3485 4012 sunt
3518 3918 3644 3971 loti-

2070 4003 2222 4085 ilem,
2268 4020 2321 4074 in
2359 4020 2459 4071 hac
2497 4013 2775 4083 provincia
2816 4010 3027 4064 caeteris
3057 4006 3295 4076 petiores
3328 4022 3341 4058 ;
3386 4003 3491 4056 hoc
3532 4003 3645 4068 ipsa

2070 4083 2455 4173 imperatorum
2490 4094 2823 4159 constitutio,
2851 4103 2909 4145 ut
2943 4092 3221 4153 admittas,
3254 4086 3499 4157 requirit.
3534 4083 3646 4137 Nec

2069 4167 2225 4246 obest
2254 4183 2520 4240 sermonis
2547 4194 2675 4235 usus
2702 4195 2716 4232 :
2747 4191 2870 4232 nam
2905 4184 2959 4229 et
2984 4173 3244 4244 Virgilius
3271 4172 3455 4226 Delum
3481 4167 3647 4237 Apol-

2072 4275 2194 4331 linis
2225 4273 2409 4325 urbem
2434 4275 2588 4321 vocat
2615 4282 2627 4319 :
2663 4278 2837 4333 neque
2862 4261 3067 4317 Graecis
3090 4258 3383 4329 quidquam
3416 4254 3649 4309 familia-

2072 4362 2183 4415 rius
2233 4369 2391 4425 quam
2438 4350 2666 4407 insulam
2718 4347 2874 4400 πόλιν
2917 4338 3208 4416 appellare.
3264 4339 3393 4395 Vide
3444 4339 3643 4393 Anton.

2070 4445 2200 4499 Itin.
2242 4456 2293 4508 p.
2338 4436 2463 4492 525.

2153 4507 2378 4587 Ῥόδος.
2424 4517 2726 4573 lnsuIarum
2775 4511 3060 4584 provincia:
3104 4508 3421 4578 metropolis
3468 4507 3649 4573 Ephe-

2071 4612 2191 4666 siuo
2237 4604 2466 4661 cont-ilio
2513 4619 2566 4672 p.
2617 4601 2721 4655 455
2764 4599 2988 4661 dicitur;
3039 4594 3299 4649 Jornandi
3351 4594 3422 4647 de
3480 4590 3647 4661 llegn.

2073 4694 2283 4748 Succes.
2322 4689 2533 4742 Rhodus
2574 4683 2943 4753 opinatissima
2977 4678 3153 4734 insuia
3188 4688 3235 4732 et
3277 4679 3436 4731 totius
3472 4675 3651 4729 Adria:

2072 4778 2364 4831 insularum
2416 4770 2746 4835 metropolis,
2789 4769 2879 4835 qui
2929 4768 3130 4819 rectius
3156 4762 3332 4833 Ai'ga'i
3369 4762 3531 4821 muris
3557 4768 3652 4812 aut

2074 4862 2215 4915 Asite
2239 4856 2569 4924 scripsisset.
2600 4852 2874 4906 Libertate
2904 4865 2931 4902 a
2966 4850 3299 4915 Vespasiano
3327 4848 3531 4914 priVata
3565 4855 3652 4898 est

2073 4943 2211 5011 apud
2253 4940 2480 4995 Sueton.
2529 4951 2576 4990 c.
2609 4935 2675 4998 8;
2707 4933 2849 4986 unde
2891 4933 3029 4985 citra
3077 4931 3296 4983 dubium
3334 4938 3417 4989 est
3467 4928 3650 4982 DiOIIiS

2074 5023 2444 5096 Chrysostomi
2478 5019 2805 5073 Rhodiacam
2833 5026 2959 5079 ante
2979 5015 3144 5075 fuisse
3173 5014 3450 5068 recitalam
3484 5029 3646 5081 quam

2078 5108 2303 5166 Rhodiis
2340 5105 2561 5158 libertas
2603 5101 2943 5164 auferretur,
2994 5099 3046 5152 in
3091 5098 3384 5166 previncia:
3421 5097 3649 5148 formam

2077 5190 2349 5248 redactis:
2382 5185 2585 5241 salvam
2627 5183 2732 5237 illis
2761 5182 3063 5236 libertatem
3095 5196 3146 5250 p.
3179 5180 3283 5233 5M
3316 5177 3379 5244 D,
3410 5181 3653 5233 beatam-

2076 5290 2180 5345 que
2209 5272 2342 5327 satis
2374 5269 2564 5324 insulaa
2586 5267 2975 5330 conditionem,
3002 5265 3088 5318 cui
3122 5264 3173 5317 iu
3205 5262 3365 5318 Caria
3398 5271 3452 5316 et
3485 5260 3650 5333 Lycia

2078 5360 2323 5413 civitates
2350 5352 2652 5411 tributariae
2679 5358 2861 5405 essent
2890 5349 3070 5417 plures
3094 5364 3144 5416 p.
3172 5347 3268 5402 541
3303 5347 3381 5412 C;
3412 5346 3654 5405 adfuisse

2078 5444 2182 5497 illis
2228 5448 2486 5509 praeterea
2523 5436 2583 5490 τὸ
2610 5434 2819 5489 ἑαυτῶν
2863 5432 3195 5505 προεστάναι
3234 5434 3325 5484 καὶ
3370 5431 3469 5501 τὴν
3497 5432 3655 5484 πόλ.ν

2076 5527 2295 5579 διοικεῖν
2326 5523 2420 5576 καὶ
2448 5521 2507 5573 τὸ
2536 5517 2927 5589 βουλεύσασθαι
2958 5519 3051 5570 καὶ
3083 5516 3143 5568 τὸ
3161 5515 3378 5569 δικάσαι
3402 5530 3450 5582 p.
3485 5515 3588 5570 559
3614 5516 3661 5566 Β

2078 5607 2378 5676 signilicat;
2416 5620 2534 5673 qua:
2568 5602 2750 5658 omnia
2794 5602 2935 5654 inter
2968 5600 3275 5669 provincias
3315 5600 3654 5666 tt-auscript.c

2078 5692 2218 5747 haud
2246 5705 2375 5743 sane
2400 5687 2744 5741 conveniunt.

2154 5774 2285 5829 Ibid.
2337 5771 2483 5838 Κῶς.
2522 5770 2591 5826 De
2635 5771 2731 5825 hac
2780 5779 2831 5825 et
2880 5768 3232 5840 sequentibus
3270 5766 3469 5824 Anton.
3520 5759 3653 5819 Itfn.
