3958 6216
221 315 379 379 liii

218 426 437 478 urbem
475 423 750 493 ingressus
808 430 954 478 esset
983 436 1156 490 eaque
1197 420 1676 485 animadverteret,
1706 435 1822 473 mu-

225 518 356 561 tata
395 507 600 562 solemni
633 506 884 572 formula,
943 504 1190 568 ἀκούετε,
1218 503 1336 556 ναοὶ
1373 504 1656 558 clamaret.
1698 503 1828 558 Vide

223 591 483 644 Casaub.
519 591 569 642 in
604 590 805 643 Athon.
827 604 945 652 vm,
975 588 1029 640 8.

315 673 440 728 Col.
474 673 593 727 149.
623 673 1063 742 Στρατονίκειιι.
1100 670 1196 724 Dio
1212 667 1280 722 48
1303 683 1356 738 p.
1379 667 1485 722 ΗΒ
1503 667 1795 722 Labienum
1813 706 1829 733 ,

232 755 568 812 Parthicum
603 757 1006 826 imperatorem,
1047 753 1291 808 Ciciliam
1344 767 1638 820 occupasse
1674 762 1833 822 atque

236 841 398 895 Asia:
426 842 587 895 urbes
612 840 664 894 in
689 840 998 894 continente
1023 838 1155 891 sitas
1179 843 1373 904 praeter
1402 835 1830 904 Stratoniceam;

239 926 345 992 qui
375 926 418 979 si
445 924 659 978 Cariam
697 938 794 992 pro
825 922 954 976 Asia
1009 921 1266 988 scriptam
1321 918 1649 988 reliquisset,
1682 919 1835 985 cujus

238 1023 389 1061 sane
426 1009 586 1061 urbes
617 1005 817 1076 Mylasa
848 1012 900 1057 et
935 1001 1214 1056 Alabanda
1247 1013 1299 1055 et
1351 1000 1749 1056 Stratoaiceam
1781 1003 1832 1054 in

239 1091 448 1160 primis
503 1089 746 1144 nominat
775 1127 789 1152 ,
846 1103 958 1141 rem
997 1085 1172 1147 nobis,
1209 1100 1327 1152 qua:
1363 1087 1472 1138 veri
1507 1085 1664 1140 ﬁdem
1697 1084 1836 1137 haud

239 1175 564 1233 excederet,
596 1171 936 1241 prodidisset.
962 1167 1435 1235 Corruptissimum
1460 1167 1607 1220 urbis
1639 1182 1837 1220 notncn

243 1263 340 1310 cst
365 1253 560 1308 concil.
580 1252 995 1318 Coustantinop.
1017 1250 1173 1302 tertio
1193 1264 1245 1316 p.
1273 1248 1396 1311 675,
1419 1249 1506 1302 ubi
1536 1248 1836 1316 Thcopetn-

247 1345 386 1404 ptus
417 1337 626 1400 πόλεως
681 1332 1078 1406 Τροτολυκειάς
1123 1333 1394 1402 ἐπαρχίας
1446 1328 1657 1402 Καρίας
1711 1332 1839 1385 sub-

249 1420 474 1473 scribit.

335 1502 472 1556 Ibid.
516 1499 794 1571 ’Λμυζῶν.
830 1500 938 1568 Sic,
981 1503 1056 1555 uti
1099 1498 1237 1570 apud
1282 1498 1604 1554 Strabonem
1635 1508 1688 1551 et
1714 1501 1839 1550 Pto-

253 1585 532 1648 letnmum,
563 1600 662 1639 Ius.
698 1583 1002 1638 Leidensis.
1034 1583 1167 1637 llinc
1197 1582 1433 1647 Joannes
1464 1579 1757 1651 ’Λμυζὸνος
1789 1580 1840 1632 in

255 1652 582 1720 Chalcedon.
625 1682 675 1732 p.
715 1665 840 1730 400,
882 1675 935 1719 et
969 1665 1205 1720 Philetas
1229 1664 1549 1734 Ἀμαζόνος,
1579 1663 1677 1716 levi
1715 1676 1842 1732 pec-

256 1761 408 1812 cato,
445 1750 493 1800 in
525 1749 778 1816 Ephesia.
821 1763 874 1818 p.
912 1747 1036 1801 457.
1075 1746 1269 1801 Alinda
1321 1761 1385 1800 ex
1445 1746 1732 1800 Ptolemaeo
1790 1752 1845 1797 et

260 1830 570 1900 Stephano,
590 1847 618 1885 a
639 1832 766 1887 viris
792 1831 1121 1886 doctissimis
1149 1839 1417 1896 correcto,
1442 1838 1603 1898 atque
1630 1828 1845 1882 aliunde

261 1915 552 1968 notissima
579 1925 726 1969 sunt.

337 1997 472 2051 Ibid.
517 1998 858 2053 'A.tci:rar6a
913 1998 990 2052 Ita
1039 1997 1182 2067 vnlg.
1227 2011 1328 2050 ms.
1385 1994 1536 2049 Leid.
1588 1993 1848 2048 Ἀλάϐαν-

259 2078 355 2144 δα,
373 2080 640 2147 quomodo
666 2091 860 2149 praster
881 2080 1135 2152 alios,Dio
1159 2095 1350 2144 xu'ttt,
1384 2093 1436 2146 p.
1454 2077 1582 2132 425.
1605 2076 1850 2130 Tumnlis

265 2161 385 2213 fere
437 2161 672 2215 incincta
724 2173 807 2216 est
843 2163 981 2231 apud
1041 2162 1364 2216 Strabonem
1394 2175 1508 2224 xxv,
1551 2175 1605 2230 p.
1633 2159 1758 2222 660,
1793 2168 1849 2212 ut

265 2243 542 2312 pleneque
575 2246 626 2298 in
658 2244 760 2299 hac
793 2245 1067 2314 provincia
1090 2243 1270 2309 urbes,
1303 2243 1530 2298 collibus
1561 2242 1846 2311 impositae.

266 2326 662 2394 Aristophanes
696 2327 846 2380 Avib.
873 2325 980 2381 295
1009 2345 1022 2381 :
1068 2327 1281 2396 Ὥσπερ
1323 2327 1372 2378 οί
1399 2326 1582 2395 Κᾶρες
1613 2324 1712 2394 μὲν
1757 2320 1850 2378 οὖν

267 2408 365 2460 ἐπὶ
397 2407 575 2476 λόφων
604 2409 868 2473 οἰκοῦσιν,
902 2404 946 2462 ὦ
988 2411 1124 2478 ’γὰθ’
1153 2408 1454 2479 ἀσφαλείας
1488 2409 1706 2463 οὕνεκα.

344 2490 480 2542 Ibid.
548 2491 858 2557 Ὁρθοσιάς
909 2491 1223 2560 ὈρΟωσία,
1283 2493 1550 2561 quomodo
1598 2491 1851 2561 Polybius

268 2572 401 2642 ch.
435 2575 503 2626 93
535 2585 585 2626 et
618 2590 720 2627 ms.
755 2574 1023 2629 Ptolemaei
1049 2575 1298 2639 Coislin.,
1328 2573 1525 2629 Strabo
1550 2585 1714 2644 atque
1736 2574 1848 2627 alii.

275 2659 541 2726 Diogenes
571 2658 930 2730 ὈρΘοσιαῖων
975 2669 1057 2713 est
1090 2661 1140 2712 in
1173 2658 1504 2714 Chalcedon.
1545 2673 1597 2728 ρ.
1624 2660 1715 2714 98.

345 2741 482 2794 Ibid.
555 2741 843 2806 "Apxaaa.
879 2741 996 2794 Sita
1028 2742 1246 2796 fuerunt
1297 2742 1362 2796 ad
1389 2757 1602 2796 amnem
1637 2740 1850 2809 Harpa-

273 2839 395 2878 Stttll
427 2824 566 2891 apud
587 2823 820 2877 Plinium
851 2839 904 2887 ν,
929 2822 1021 2877 ‘29.
1059 2823 1292 2879 Phanias
1321 2825 1526 2888 πόλεως
1562 2823 1854 2894 Ἀρπάσων

275 2906 374 2974 τῆς
427 2906 641 2976 Καρίας
687 2904 856 2960 adluit
884 2905 1154 2974 Ephesino
1199 2907 1430 2961 concilio
1458 2923 1509 2973 p.
1547 2906 1675 2960 526.

354 2988 486 3042 Ibid.
533 2990 852 3054 Νεάπολις.
904 2988 1150 3042 Meminit
1197 2989 1316 3057 ejus
1357 2988 1700 3044 Ptolemaeus.
1736 2988 1854 3043 Fuit

279 3071 406 3125 hinc
443 3071 742 3126 Dorotheus
797 3069 1147 3136 Νεαπόλεως,
1205 3072 1297 3140 qui
1356 3070 1574 3126 Nicamo
1624 3069 1858 3124 secundo

279 3171 332 3225 p.
389 3155 489 3209 I59
521 3155 872 3224 subscripsit.
929 3157 1198 3210 Bassonas
1250 3157 1396 3212 enim
1441 3157 1540 3225 τῆς
1581 3156 1725 3218 Νέας
1761 3154 1859 3208 πό-

280 3239 417 3302 λεως
449 3237 780 3294 Chalcedon.
808 3238 1001 3294 concil.
1035 3255 1087 3310 p.
1119 3240 1210 3304 99,
1239 3254 1399 3309 quem
1453 3240 1577 3296 huic
1613 3242 1731 3295 urbi
1763 3242 1863 3294 im-

286 3322 462 3390 posuit
495 3319 723 3378 Carolus
750 3335 779 3372 a
807 3320 866 3375 S.
899 3320 1087 3386 Paulo,
1119 3320 1335 3376 Pisidia:
1363 3324 1603 3394 ejusdem
1629 3323 1864 3378 nominis

287 3405 433 3459 urbis
473 3405 663 3475 praesul
692 3403 814 3469 fuit,
842 3415 898 3458 ut
925 3415 1050 3460 ante
1077 3405 1325 3459 diximus.

354 3487 486 3541 Ibid.
556 3486 873 3557 Ὑλάρημα.
911 3475 1189 3558 Stephano
1249 3488 1553 3562 Ὑλλάριμα
1590 3489 1864 3559 πολίχνιον

285 3570 498 3638 Καρίας
559 3568 760 3641 ὕπερθε
812 3570 1252 3642 Στρατονικείας,
1303 3573 1758 3640 quemadmodum
1800 3587 1863 3625 ea

288 3653 446 3702 verba
482 3650 548 3704 Is.
587 3649 804 3706 Vossius
835 3654 898 3706 ad
935 3653 1126 3707 Melum
1162 3669 1200 3716 t,
1254 3654 1318 3706 16
1346 3656 1602 3709 correxit.
1647 3653 1866 3721 ’Υλάρι-

291 3749 365 3801 μα
389 3734 740 3786 conciliorum
786 3735 919 3787 Acta
948 3736 1195 3802 probant,
1229 3745 1286 3789 ut
1337 3735 1600 3805 Georgius
1656 3735 1866 3796 πόλεως

304 3815 612 3884 Ὑλαρὶμων
641 3815 910 3884 ἐπαρχίας
935 3816 1144 3885 Καρίας
1177 3816 1461 3870 Constant.
1504 3817 1661 3868 tertio
1685 3831 1738 3884 p.
1762 3815 1867 3869 675

294 3911 342 3953 et
386 3899 673 3954 Aulltimus
709 3900 992 3968 episcopus
1044 3899 1252 3962 πόλεως
1319 3899 1630 3970 ’Υλαρίμων
1661 3898 1862 3953 Νίςωη.

297 3982 530 4060 secundo
556 3997 606 4051 p.
644 3981 730 4034 52.
757 3981 858 4046 Qui
886 3981 1142 4050 praesules
1171 3983 1334 4038 etiam
1361 3983 1504 4035 haud
1534 3981 1695 4035 dubie
1723 3980 1866 4052 indi-

297 4074 609 4135 gnarentur,
641 4065 684 4117 si
721 4065 923 4118 nullum
961 4065 1063 4120 sibi
1113 4066 1166 4120 in
1222 4064 1558 4136 Gcographia
1595 4064 1760 4118 Sacra
1793 4064 1870 4118 Io-

294 4165 410 4202 ςυειι
446 4149 690 4202 viderent
727 4148 998 4201 relictum.

365 4231 499 4284 Ibid.
527 4231 868 4299 Ἀντιόχεια.
903 4231 1237 4285 Sozomenus
1266 4231 1338 4286 11.
1380 4231 1447 4285 Ε.
1489 4249 1585 4295 vn,
1606 4233 1641 4287 2
1667 4230 1871 4283 Ἀντιόο

297 4334 441 4386 χειαν
474 4317 574 4387 τῆς
630 4316 840 4385 Καρίας
887 4324 1079 4381 vocat,
1118 4315 1354 4387 Phlegon
1407 4316 1527 4374 Rer.
1587 4315 1785 4370 Mirab.
1819 4331 1871 4370 rt

297 4398 622 4469 Ἀντιόχειαν
651 4399 748 4469 τὴν
783 4399 914 4469 πρὸς
944 4397 1239 4470 Μαιάνδρῳ
1265 4400 1494 4472 ποταμῷ
1527 4417 1540 4453 :
1573 4401 1698 4454 huic
1727 4399 1870 4454 enim

300 4486 422 4536 urbs
446 4484 734 4543 assidebat,
778 4481 1006 4536 mirandi
1042 4484 1221 4552 operis
1261 4492 1424 4552 ponte
1451 4485 1678 4554 juncto;
1713 4496 1871 4549 quem

301 4568 487 4619 borum
539 4564 858 4634 Ἀντιοχέων
889 4580 1084 4620 IIIIIIIIIS
1115 4563 1184 4621 ob
1222 4565 1406 4620 oculos
1436 4566 1584 4636 ponit
1617 4565 1670 4623 in
1707 4562 1870 4618 Thes.

301 4645 499 4723 Britan.
527 4655 658 4725 tom.
695 4647 804 4713 Il,p
851 4645 974 4698 269.

366 4717 497 4781 Ibid.
539 4717 898 4795 Ἆφροδισιά.
940 4727 1257 4798 Metropolin
1293 4729 1460 4784 fuisse
1491 4729 1666 4786 Cariae
1702 4735 1872 4807 impe-

305 4823 451 4865 rator
507 4810 616 4865 Leo
671 4811 942 4882 signiﬁcat
1002 4813 1054 4864 in
1125 4811 1352 4879 epistola
1414 4823 1541 4867 tom.
1621 4815 1686 4870 IX
1745 4836 1876 4874 con.

303 4897 387 4950 cil.
442 4895 634 4949 Ι.αὸὺεὶ
693 4911 746 4965 p.
793 4895 918 4959 267,
975 4907 1029 4950 et
1069 4895 1400 4950 Chalcedon.
1453 4890 1872 4969 concil.p.656.

312 4978 370 5030 ’Il
399 4978 552 5041 πόλις
570 4979 666 5049 τῆς
689 4979 1010 5048 Ἀφροδίτης
1037 4977 1320 5032 Damascio
1344 4979 1542 5034 dicitur
1572 4985 1708 5049 apud
1751 4984 1875 5039 Sui-

307 5064 419 5116 dam
463 5063 512 5114 in
538 5061 988 5133 Ἀοκληπιόδοτος
1021 5079 1033 5115 :
1066 5077 1188 5115 nam
1217 5074 1458 5114 noetram
1483 5077 1604 5117 esse
1626 5065 1876 5122 dubitare

308 5154 445 5198 vvtat
485 5144 708 5198 Photins
757 5145 878 5198 cod.
914 5143 1019 5196 242
1077 5159 1129 5212 p.
1168 5143 1330 5207 I050,
1377 5158 1408 5198 e
1452 5145 1558 5213 quo
1615 5159 1878 5217 praeterea

307 5226 561 5283 discimus
589 5229 729 5282 haud
780 5228 1006 5281 tnultum
1033 5225 1274 5280 abfuisse
1314 5243 1343 5280 a
1400 5226 1668 5285 Maaandro
1692 5231 1874 5287 ﬂuvio.

308 5311 449 5364 Adde
479 5311 740 5381 Stepnan.
781 5310 949 5379 Νινόη
982 5320 1035 5363 et
1064 5309 1290 5381 Μεγάλη
1326 5311 1497 5375 πόλις.

375 5393 507 5448 Ibid.
544 5394 900 5462 Ἡρακλείας
930 5393 1352 5458 Ἀλαϐοκόνος.
1388 5393 1477 5448 Sic
1500 5410 1601 5449 ms.
1626 5394 1878 5460 Farncs.,

311 5492 404 5530 nec
434 5478 552 5531 sine
583 5477 715 5530 vitio
765 5486 993 5540 tamen;
1047 5477 1187 5543 quod
1229 5476 1320 5545 qui
1374 5475 1484 5530 tolli
1537 5477 1751 5542 debeat,
1800 5479 1883 5532 di-

313 5559 674 5614 scordantium
706 5560 988 5628 opiniones
1025 5558 1156 5612 satis
1184 5559 1404 5613 dubium
1459 5558 1722 5614 fecerunt.
1754 5560 1878 5614 llol-

312 5645 524 5709 sicinio,
583 5647 841 5714 quoniam
869 5643 1146 5712 Stephano
1176 5641 1554 5697 Ileraclearum
1587 5645 1878 5699 undevice-

316 5729 446 5783 sima
509 5738 593 5785 est
662 5727 866 5799 Καρίας
923 5728 955 5797 ἡ
1023 5725 1292 5797 λεγομένη
1357 5726 1648 5797 ’Λλμάκιος
1717 5727 1912 5818 μεσῧέι

1143 312 1528 373 COMMENT.
1575 312 1654 370 IN
1697 310 2111 374 HIEROCLIS
2151 309 2699 373 SYNECDEMUM.

3379 300 3518 366 1142

1930 432 2165 488 γειος.θι
2193 421 2260 475 ab
2282 422 2470 476 eodem
2489 421 2494 425 “
2511 416 2792 489 Σαλμακὶς
2817 417 2945 472 urbs
2970 416 3142 471 Cariae
3172 422 3528 480 recensctur,

1944 505 2238 576 Ἡρακλεία
2297 505 2579 575 Σαλμακὶς
2628 518 2756 558 vero
2789 501 3010 556 nomine
3061 498 3234 553 fuisse
3279 498 3512 562 videtur,

1936 590 2236 657 praesertim
2283 605 2405 643 cum
2445 588 2513 642 ab
2568 587 2804 641 Arriano
2862 585 3105 654 neglecta
3149 597 3255 636 non
3284 583 3376 640 sit.
3419 580 3517 635 Cui

1937 673 2218 736 accedere,
2253 672 2466 746 etiamsi
2503 669 2798 724 Menander
2849 668 3136 737 episcopus
3168 665 3407 734 opinioni
3438 662 3519 717 fa-

1939 768 2066 807 vere
2091 756 2317 819 videtur,
2346 771 2466 810 cum
2492 755 2783 825 Σαλμάκης
2823 751 3153 822 Ἡρακλείας
3185 748 3517 804 Chalcedon.

1939 837 2133 891 concil.
2177 854 2228 904 p.
2264 839 2367 892 667
2389 838 2608 901 dicitur,
2635 852 2741 892 non
2770 852 3011 906 possum.
3046 836 3293 902 Agnosco
3329 833 3524 886 urbem

1942 922 2244 976 Salmacida
2269 937 2387 975 esse
2420 923 2474 975 in
2512 922 2813 991 Stephano,
2847 920 2940 974 sed
2994 919 3311 974 Heracleam
3350 916 3519 971 fuisse

1944 1020 2100 1060 nemo
2135 1005 2292 1060 dixit.
2327 1004 2400 1059 De
2425 1004 2657 1058 Arriano
2689 1004 2792 1058 alia
2825 1017 2912 1058 res
2941 1010 3046 1065 est,
3075 1002 3164 1071 qui
3202 1001 3520 1070 Σαλμακίδα

1943 1090 2158 1158 quidem
2192 1098 2457 1143 memorat
2493 1085 2696 1153 Exped.
2725 1087 2984 1141 Alexand.
3023 1086 3048 1140 I
3089 1099 3142 1153 p.
3174 1085 3264 1149 26,
3294 1091 3348 1136 at
3377 1083 3520 1136 Ilali-

1944 1171 2186 1226 carnassi
2217 1185 2398 1224 arcem
2429 1185 2444 1234 ;
2503 1168 2647 1222 unde
2695 1166 3011 1222 Heracleam
3049 1168 3189 1222 hanc
3224 1181 3347 1221 esse
3377 1167 3520 1219 hau-I

1946 1267 2102 1322 posse
2139 1253 2538 1322 apertissimum
2579 1260 2696 1306 est.
2746 1249 3010 1304 Praeterea
3076 1250 3191 1304 hrec
3225 1247 3482 1303 Heraclea
3506 1286 3521 1302 .

1949 1335 2223 1402 Stephano
2259 1345 2417 1400 teste,
2463 1333 2562 1388 l‘uit
2609 1332 3005 1388 mediterranea
3049 1348 3064 1396 ;
3102 1331 3429 1400 cujusmodi,
3479 1331 3524 1382 si

1948 1425 2168 1487 propter
2199 1417 2469 1471 Salmacin
2497 1417 2696 1470 fontem
2711 1415 3076 1470 Ilalicarnassi
3110 1416 3285 1484 posita
3306 1415 3405 1469 fuit
3432 1457 3446 1478 ,
3473 1423 3548 1469 ut-

1948 1501 2033 1554 vir
2071 1500 2319 1567 egregius
2358 1499 2676 1560 arbitratur,
2715 1499 2894 1553 minus
2947 1504 3093 1553 recte
3147 1497 3529 1567 appellabitur,

1949 1583 2089 1652 quod
2123 1582 2534 1636 Halicarnassus
2557 1581 2690 1634 mari
2725 1593 2860 1647 pene
2889 1590 3035 1634 esset
3077 1581 3334 1634 incincta.
3365 1579 3533 1648 Ergo-

1952 1681 2020 1719 ne
2057 1683 2178 1720 cum
2227 1664 2471 1720 Berkelio
2503 1664 2558 1717 in
2590 1664 2870 1733 Stephano
2903 1662 3335 1734 amplexabimur
3363 1666 3397 1733 ἡ
3441 1666 3532 1716 λε-

1951 1751 2160 1821 γομένη
2223 1749 2492 1819 Ἀλκμᾶνι
2568 1747 2839 1817 Atii-2:10;?
2897 1747 3156 1817 Equidem
3218 1746 3586 1818 Heracleam,

1953 1837 2204 1891 Latmum
2237 1833 2410 1888 Caria;
2435 1830 2663 1886 urbibus
2693 1831 2868 1886 libens
2899 1830 3255 1895 asseruerim,
3287 1844 3387 1883 nec
3410 1845 3536 1898 pro-

1955 1921 2152 1974 bavero
2201 1925 2380 1970 tamen
2433 1917 2532 1970 viri
2579 1914 2988 1976 conﬁdentiam.
3037 1930 3141 1983 qua
3201 1914 3532 1982 conjectura,

1954 2017 2126 2071 eaque
2182 2000 2564 2061 incertissima,
2616 1997 3147 2069 Stephaniorationi
3201 1996 3536 2064 inculcatnr;

1956 2101 2024 2143 ne
2049 2099 2190 2138 nunc
2222 2084 2414 2138 addam
2449 2081 2738 2148 plurimum
2770 2095 2833 2134 ea
2861 2081 3200 2135 correctione
3230 2095 3258 2132 a
3294 2079 3538 2146 vestigiis

1957 2183 2089 2221 mss.
2118 2166 2320 2222 recedi.
2363 2164 2498 2229 Quid
2530 2163 2745 2232 itaque?
2775 2163 2945 2218 dices.
2991 2161 3177 2216 Putem
3205 2162 3238 2231 ἡ
3266 2161 3541 2230 λεγομένη

1970 2248 2255 2310 Ἀλϐἀκιος
2278 2263 2305 2300 a
2331 2250 2595 2316 scriptore
2616 2246 2851 2306 venisse,
2870 2247 3224 2311 eamdemque
3242 2257 3362 2298 esse
3386 2257 3535 2312 pror-

1958 2350 2053 2389 sus
2068 2349 2188 2403 quae
2218 2331 2510 2386 Ptolemteo
2530 2331 2582 2384 in
2608 2330 2767 2384 Caria
2803 2328 3101 2401 Ἡράκλεια
3136 2327 3542 2398 πρὸςἈλὸἀνῳ

1959 2435 2056 2488 pro
2099 2415 2350 2484 Ἀλσάκῳ
2382 2413 2703 2483 appellatur.
2739 2414 3001 2466 Auctores
3025 2413 3200 2467 habeo
3228 2410 3452 2465 Suidam
3484 2411 3540 2462 in

1960 2499 2346 2570 Διογενειανός,
2377 2497 2466 2551 ubi
2501 2497 2530 2549 ὁ
2557 2497 2621 2548 ἐκ
2649 2496 2747 2567 τῆς
2782 2495 3048 2566 Ἀλδάκης
3084 2493 3410 2566 Ἡρακλείας
3439 2491 3543 2560 τῆς

1960 2586 2018 2637 ὲν
2048 2583 2228 2654 Καρίᾳ
2270 2580 2497 2651 Ἰατρός,
2533 2589 2587 2635 et
2636 2589 2851 2635 veteres
2907 2577 3165 2646 Notitias,
3218 2593 3340 2647 quae
3371 2576 3542 2647 Ἥρα·

1960 2666 2146 2730 κλείοις
2177 2663 2496 2733 Συαλΰάκης
2527 2673 2582 2716 et
2615 2661 2904 2732 Σαλόάκης
2933 2677 3077 2732 szepe
3133 2661 3492 2716 meminerunt
3523 2675 3542 2722 ;

1961 2751 2093 2804 Acta
2133 2761 2352 2816 quoque
2389 2745 2606 2800 concilii
2642 2744 3138 2808 Chalcedonensis,
3189 2744 3385 2813 quibus
3428 2741 3546 2797 Me-

1965 2834 2171 2889 nander
2245 2829 2572 2901 Ἦροικλείας
2631 2827 2918 2898 Σαλϐἀκης
2950 2827 3164 2898 Καρίας
3194 2843 3248 2898 p.
3284 2826 3381 2880 58I
3426 2825 3546 2881 sub-

1963 2916 2172 2972 scribit.
2206 2914 2321 2968 Non
2347 2913 2612 2968 difﬁtebor
2640 2927 2761 2966 eum
2794 2911 3089 2982 Σαλμὰκης
3121 2928 3174 2982 p.
3210 2910 3311 2966 667
3335 2927 3544 2966 nuneu-

1964 3000 2128 3070 pari;
2179 2997 2321 3066 quod
2368 3009 2491 3051 cum
2545 3009 2610 3048 ex
2653 2994 2823 3064 priori
2893 2994 3148 3048 facillime
3188 2995 3334 3047 nasci
3387 3007 3572 3062 posse-~-

1966 3089 2198 3144 constet,
2225 3078 2360 3133 nihil
2389 3077 2638 3143 nocebit;
2678 3084 2934 3145 tantoque
2970 3075 3168 3140 minus,
3201 3075 3327 3143 quia
3358 3074 3547 3129 Salha-

1967 3178 2065 3218 cen
2102 3172 2258 3218 vctus
2283 3161 2552 3230 interpres
2583 3159 2780 3213 ibidem
2827 3158 2974 3228 legit.
3007 3158 3194 3227 Itaque
3215 3156 3402 3211 eadem
3438 3157 3548 3211 Ile-

1969 3245 2147 3300 raclea
2171 3244 2480 3309 Ἀλϐἀκιος,
2519 3241 2763 3312 ’Δλόἁκη
2787 3249 2840 3294 et
2873 3239 3126 3309 Σαλόέικη
3162 3239 3307 3294 dicta
3338 3240 3574 3294 videtur-

1971 3329 2038 3380 ab
2063 3327 2266 3381 Albaco
2295 3325 2566 3379 Ptolemwi
2601 3325 2716 3378 sive
2747 3332 2931 3379 monte
2960 3336 3055 3378 seu
3086 3321 3340 3377 ﬂumine:
3374 3336 3550 3391 neque

1969 3411 2115 3462 enim
2149 3419 2353 3462 temere
2375 3408 2667 3461 ﬁniverim.
2715 3406 2827 3460 Nec
2877 3419 3201 3474 quemquam
3247 3405 3550 3465 morabitur

1971 3491 2198 3546 sibilans
2221 3490 2396 3544 littera
2424 3489 2573 3544 urbis
2594 3489 2904 3558 cognomini
2928 3489 3085 3543 modo
3113 3501 3356 3542 connexa
3392 3487 3562 3540 modo.

1972 3573 2313 3637 detruncata,
2357 3573 2401 3627 si
2435 3571 2742 3626 meminerit
2767 3585 2884 3640 qua
2905 3571 2972 3626 ad
3002 3571 3204 3627 Anton.
3236 3568 3572 3639 Itin.p.206..

1973 3667 2026 3712 et
2055 3658 2158 3711 479
2187 3657 2451 3722 disputata
2485 3653 2724 3709 fuerunt.

2044 3739 2178 3791 Ibid.
2241 3736 2438 3790 Τάσαι.
2479 3733 2572 3787 Sic
2605 3736 2773 3788 codex
2815 3735 3198 3803 Lugdunensis
3239 3743 3294 3788 et
3321 3734 3550 3804 Stepha-

1977 3835 2099 3873 nus.
2138 3818 2366 3870 Basilius
2417 3815 2612 3868 Ταϐὠν
2639 3825 2720 3869 est
2755 3815 2806 3868 in
2852 3815 3070 3869 Nicaeae
3123 3816 3360 3868 secundo
3399 3831 3448 3881 p.
3485 3816 3557 3868 5?.

1977 3900 2179 3954 Numos
2217 3896 2481 3968 Ταὸηνῶν
2509 3896 2658 3950 dabit
2684 3896 2837 3950 Thes.
2874 3895 3080 3948 Britan.
3109 3905 3240 3949 tom.
3271 3909 3309 3947 II
3351 3910 3404 3963 p.
3429 3894 3554 3951 I50.

2049 3985 2186 4039 Ibid.
2211 3981 2644 4046 Ἀπολλωνίας.
2665 3979 2842 4035 Credo
2864 3993 2968 4032 non
2987 3979 3148 4033 aliam
3173 3992 3294 4033 esse
3313 3993 3378 4032 ac
3401 3979 3558 4048 Apol-

1979 4066 2176 4120 loniam
2201 4068 2266 4120 ad
2296 4063 2652 4128 Lambanum,
2695 4060 3056 4124 Ἀπολλωνίας
3087 4061 3225 4131 πρὸς
3251 4059 3554 4132 Λαμϐάνῳ,

1980 4165 2077 4219 pro
2113 4164 2218 4217 quo
2251 4147 2500 4216 Ἀλὸἀκῳ
2526 4146 2704 4199 malim
2739 4162 2753 4200 :
2797 4156 2940 4199 certe
2979 4145 3222 4215 ’Λλόάνῳ
3250 4155 3329 4200 est
3365 4145 3417 4198 in
3451 4161 3553 4201 ms.

1979 4231 2330 4293 Coisliuiano,
2379 4231 2431 4283 in
2465 4245 2570 4297 quo
2594 4230 2637 4283 si
2661 4238 2714 4281 et
2748 4227 3117 4291 Ἀπολλωνίας
3160 4230 3378 4293 ineSset,
3413 4230 3556 4296 quod

1982 4313 2112 4366 mihi
2174 4312 2518 4366 verissimum
2559 4312 2809 4374 videtur,
2871 4310 3009 4364 bene
3065 4311 3246 4365 ontnia
3273 4309 3555 4364 baberent.

1981 4395 2336 4467 Tynchanius
2365 4395 2572 4458 πόλεως
2607 4393 3032 4457 Ἀπολλωνιάδος
3061 4393 3236 4448 Caria:
3267 4393 3559 4463 provincia:

1981 4490 2063 4535 est
2102 4480 2154 4532 in
2203 4477 2636 4533 Chalcedonensi
2679 4491 2834 4530 conc.
2882 4491 2934 4545 p.
2989 4475 3114 4531 667.
3178 4476 3556 4543 Sebastopolilt

1981 4565 2037 4620 in
2069 4564 2253 4626 Caria,
2299 4562 2402 4616 nisi
2449 4561 2624 4627 l'ailor,
2659 4560 3014 4631 Theophanes
3035 4560 3337 4631 Chrouogr.
3376 4577 3427 4627 p.
3457 4560 3562 4612 5υὸ

1984 4650 2048 4701 ad
2090 4662 2241 4702 mare
2272 4646 2454 4700 habet.

2055 4731 2191 4785 Ibid".
2243 4731 2463 4794 Ἴασος.
2502 4729 2593 4784 Sic
2624 4737 2679 4784 et
2709 4729 3112 4795 Archestratus,
3141 4726 3284 4797 quod
3314 4724 3563 4780 Ilolstei-

1987 4815 2131 4867 nium
2169 4827 2273 4865 non
2299 4812 2456 4879 fugit,
2477 4815 2615 4880 apud
2636 4812 2951 4866 Athenaaum
2985 4810 3350 4879 Deipnosoph.
3376 4805 3559 4871 "1,23:

1990 4898 2091 4949 Ἢν
2120 4895 2175 4948 δέ
2193 4895 2310 4948 ποτ’
2332 4895 2410 4957 εἰς
2428 4893 2610 4946 Ἴασον
2627 4895 2827 4964 Καρῶν
2845 4895 3351 4962 πόλινείσαφίκηαι.
3369 4891 3563 4945 Caeteri

1989 4980 2204 5030 ’Ίασσον
2237 4976 2464 5037 malunt,
2504 4990 2668 5045 quam
2719 4979 2770 5030 in
2803 4977 2976 5030 insula
3029 4975 3271 5044 ejusdem
3328 4973 3561 5026 nominis

1986 5064 2215 5132 lithilalll
2271 5059 2506 5113 ostendit
2535 5058 2730 5114 Strabo
2759 5074 2847 5112 xlv
2881 5075 2934 5128 ρ.
2995 5057 3120 5113 658.
3181 5056 3558 5111 Diodorusxm

1985 5161 2038 5215 p.
2072 5143 2176 5197 225
2227 5142 2399 5196 Θάσον
2431 5140 2530 5211 τῆς
2572 5142 2785 5212 Καρίας
2818 5141 2999 5206 habet,
3048 5156 3209 5212 quam
3264 5137 3564 5192 Palmcrius

1990 5230 2206 5280 Ἰασσον
2239 5225 2386 5288 facit,
2418 5224 2681 5292 probabili
2735 5224 3046 5294 conjectura
3083 5241 3098 5279 :
3133 5222 3429 5291 Xenophon
3480 5233 3562 5274 ta-

1989 5327 2110 5365 men
2138 5309 2383 5363 eamdem
2419 5323 2529 5363 rem
2550 5307 2862 5363 describens
2881 5307 2945 5362 II.
2967 5306 3033 5362 G.
3060 5308 3095 5361 Ξ
3116 5323 3169 5378 p.
3198 5307 3301 5361 355
3329 5306 3564 5362 Cedreas

1988 5395 2053 5448 ad
2107 5393 2425 5449 Cerameum
2473 5391 2649 5448 sinum
2698 5406 2728 5445 a
2763 5390 3048 5462 Lysandro
3096 5399 3386 5460 occupatas
3423 5388 3564 5445 amr-

1991 5485 2122 5530 mat.

2063 5559 2194 5613 Ibid.
2248 5555 2506 5628 Ἐρεζος.
2540 5555 2756 5611 Νοιῐῑίτθ
2787 5555 3166 5611 ecclesiasticae
3201 5555 3397 5625 Ἕριζα
3439 5570 3561 5623 pro-

1990 5645 2139 5706 bant,
2180 5645 2321 5697 unde
2353 5643 2541 5711 Papias
2605 5641 2833 5709 Ἐρίζων
2885 5643 2936 5694 in
2970 5641 3296 5696 (thalcadou.
3336 5657 3387 5710 p.
3435 5641 3556 5694 599.

1995 5725 2126 5782 Yide
2153 5725 2252 5783 Ch.
2292 5726 2484 5783 Ccllar.
2539 5725 2603 5782 G.
2647 5726 2712 5782 Λ.
2760 5727 2812 5794 5,
2848 5725 2866 5778 t
2907 5741 2958 5794 p.
3003 5725 3117 5785 I6I.
3148 5725 3560 5794 Marcianopolis
