3980 6210
447 309 584 373 1113

445 440 552 494 quu
582 426 708 480 olim
735 441 949 482 nomine
975 428 1157 493 fuerit,
1188 442 1311 483 cum
1351 429 1585 485 nondum
1613 432 1741 488 mihi
1761 449 1856 502 pro
1879 448 2018 490 com-

444 518 598 578 perto
631 508 722 576 sit,
755 509 822 564 de
855 510 960 564 situ
1015 511 1291 581 quidpiam
1329 512 1488 568 finire
1512 513 1698 570 nolim.
1753 515 1896 571 Idem
1953 523 2017 570 de

442 593 862 662 Auaslasiopoli,
887 593 1038 660 cujus
1079 595 1277 665 aliqua,
1312 605 1371 651 ut
1398 611 1428 652 e
1471 595 1668 653 Carolo
1697 612 1726 652 a
1755 597 1812 652 S.
1850 599 2019 654 Paulo

441 675 672 740 videbis,
717 676 768 730 in
797 677 1155 732 conciliorum
1195 678 1342 732 Actis
1394 679 1650 734 memoria
1680 689 1786 745 est,
1812 680 2014 736 dictum

441 769 580 814 esto.

510 885 626 942 Col.
661 887 784 943 149.
820 887 980 956 χώρα
997 889 1368 960 πατριμόνια.
1396 888 1574 944 Credo
1595 888 1863 958 regionem
1887 888 2021 943 indi-

442 972 556 1028 cari
583 986 700 1041 quae
725 972 986 1042 principis
1017 974 1344 1043 patrimonio
1367 982 1485 1028 erat
1503 973 1830 1027 contributa.
1858 972 2014 1026 Com-

448 1054 763 1109 modissime
795 1063 975 1111 autem
1007 1056 1408 1126 Anastasiopoli
1438 1056 1706 1126 jungitur,
1743 1056 2014 1122 siquidem

440 1137 518 1191 rei
536 1137 1050 1207 auctorjperhibetur
1065 1139 1191 1207 imp.
1211 1137 1530 1192 Anastasius
1550 1139 1599 1191 in
1621 1134 2015 1192 Closs.Namic.

445 1220 899 1290 Πατριμονιάλια,
927 1221 1028 1274 ὅσα
1049 1221 1278 1284 ἕκαστος
1310 1221 1562 1290 βασιλεὺς
1597 1220 1782 1290 ἑαυτῷ
1818 1221 2018 1274 κτᾶται

441 1300 550 1356 ἀπὸ
593 1302 686 1355 τοῦ
731 1303 992 1373 βασιλέως
1025 1302 1401 1358 ’Δναστασίοω
1457 1304 1629 1366 Αὐτὸς
1667 1303 1777 1374 γάρ
1798 1305 1942 1356 ἐστιν
1986 1307 2014 1357 ό

441 1385 681 1456 ἐξευρὼν
710 1386 805 1439 xui.
833 1384 934 1456 τὴν
957 1387 1329 1457 προσηγορίαν
1361 1387 1567 1456 ταύτην
1596 1387 1690 1440 καὶ
1713 1387 1812 1455 τὴν
1840 1387 2015 1457 ἀρχὴν
2096 1438 2102 1443 .

439 1467 534 1520 τοῦ
571 1469 809 1537 κόμητος
827 1468 919 1521 τοῦ
944 1469 1320 1539 πατριμονίου.
1355 1470 1481 1537 Quae
1507 1482 1684 1525 tamen
1717 1485 1784 1525 an
1820 1470 1872 1525 iu
1899 1486 2016 1524 omo

439 1550 599 1605 nibus
626 1552 779 1604 bonae
815 1550 938 1604 ﬁdei
971 1552 1098 1612 sint,
1135 1553 1254 1608 sine
1283 1553 1510 1608 crimine
1540 1553 1772 1608 dubitari
1795 1563 1967 1623 potest
1999 1569 2012 1606 :

438 1648 564 1685 nam
600 1648 721 1686 cum
750 1632 928 1687 coloni
963 1635 1370 1701 patrimoniales
1395 1637 1482 1691 diu
1523 1645 1646 1691 ante
1667 1635 2013 1692 Anastasium

438 1717 845 1784 imperatorem,
873 1726 932 1771 ut
969 1716 1009 1771 1.
1043 1718 1066 1771 1
1117 1726 1172 1773 et
1206 1717 1241 1770 2
1272 1733 1323 1774 c.
1352 1719 1416 1773 de
1445 1717 1674 1788 Fugitiv.
1731 1727 1786 1774 et
1820 1717 2012 1773 Colon.

438 1800 718 1867 docemur,
754 1800 954 1857 fuerint
1000 1803 1110 1858 noti
1141 1811 1196 1858 et
1241 1819 1269 1858 a
1300 1796 1644 1874 patrimonio
1693 1820 1887 1860 nomen
1918 1805 2014 1858 ha-

437 1886 640 1949 beant,
675 1886 900 1940 omnino
955 1900 1040 1941 res
1082 1887 1196 1954 ipsa
1233 1886 1519 1944 Anastasio
1563 1889 1776 1944 videtur
1820 1888 1968 1955 prior
1995 1927 2012 1944 .

437 1969 613 2036 Atque
639 1968 693 2022 in
727 1967 812 2022 his
874 1983 944 2024 ne
981 1970 1354 2038 ambigamus,
1395 1971 1765 2040 possessiones
1809 1970 2014 2023 faciunt

437 2050 845 2116 patrimoniales
867 2067 962 2122 per
992 2053 1248 2108 Asianam
1276 2064 1330 2109 et
1358 2053 1634 2109 Ponticam
1665 2053 1924 2108 diceeesin
1961 2061 2015 2107 et

439 2134 589 2187 fundi
615 2134 1026 2202 patrimoniales
1055 2151 1152 2205 per
1203 2135 1650 2205 Mesopotamiam
1675 2146 1729 2191 et
1771 2136 2012 2192 Osdroe-

437 2231 564 2270 nam
594 2217 923 2284 provincias,
947 2234 1177 2289 quorum
1222 2221 1582 2290 imperatores
1612 2221 1878 2276 Arcadius
1907 2219 2012 2276 Va-

437 2299 770 2354 lentinianus
801 2309 855 2355 et
883 2299 1220 2358 Theodosius
1249 2303 1303 2358 in
1336 2305 1388 2359 1.
1438 2305 1473 2360 6
1509 2312 1563 2360 et
1588 2304 1622 2359 8
1661 2319 1712 2360 c.
1743 2303 1810 2358 de
1837 2300 2010 2358 Fund.

437 2379 737 2438 Patrimon.
767 2385 1151 2452 meminerunt,
1183 2393 1237 2441 et
1284 2385 1510 2443 Sacrum
1543 2386 1926 2458 patrimonium
1959 2388 2011 2442 1.

439 2465 508 2518 15
539 2465 604 2520 de
648 2463 944 2538 ναῦφιιά
973 2471 1117 2538 quod
1142 2470 1412 2536 ultimum,
1449 2471 1658 2527 tametsi
1690 2470 1790 2525 Th.
1819 2469 2014 2526 Reine-

437 2549 550 2603 sius
574 2548 712 2618 App.
745 2548 991 2619 luscript.
1020 2551 1118 2607 XX
1152 2554 1225 2608 ita
1248 2555 1554 2618 censuerit,
1591 2555 1841 2608 comitem
1873 2553 2010 2608 sacri

437 2633 750 2698 patrimonii
783 2635 1061 2704 requirere
1090 2637 1285 2693 merito
1319 2637 1625 2700 addubites,
1655 2639 2013 2706 eumdemque

436 2715 572 2770 adeo
598 2715 886 2770 Anastasio
926 2719 1156 2786 priorem
1195 2729 1248 2773 et
1277 2721 1376 2774 sub
1413 2719 1701 2776 Theodosii
1727 2729 1783 2774 et
1817 2719 2012 2776 Valen-

442 2796 637 2850 tiniani
683 2797 992 2867 principatu
1039 2799 1150 2868 jam
1197 2800 1364 2856 fuisse
1394 2812 1578 2858 notum
1615 2819 1630 2857 :
1670 2803 1817 2860 nulla
1865 2804 2008 2874 enim

437 2879 552 2948 ejus
576 2880 626 2932 in
669 2878 878 2935 Notitia
915 2883 1040 2952 imp.
1074 2882 1279 2940 Oricnl.
1311 2923 1326 2949 ,
1366 2889 1508 2955 quod
1537 2886 1727 2953 sciam,
1758 2888 1962 2944 mentio
1993 2903 2007 2953 ;

437 2979 492 3016 ιιι
529 2977 637 3031 qua.
669 2963 772 3018 sub
825 2965 1180 3035 dispositione
1213 2969 1426 3024 comitis
1468 2983 1646 3026 rerum
1675 2971 2008 3042 privatarum

434 3047 711 3115 prmpositi
758 3062 982 3117 gregum
1039 3060 1095 3105 et
1143 3051 1477 3108 stabulorum
1527 3064 2010 3125 procuratoresque

435 3128 673 3220 saltuum
704 3132 898 3189 fundos
927 3134 1347 3220 patrimoniales,
1377 3152 1428 3192 c.
1461 3137 1529 3193 88
1560 3147 1771 3194 curant.
1812 3138 2012 3195 Fateor

435 3211 521 3267 Fl.
557 3213 906 3286 Peregrinum
961 3211 1277 3274 Saturnium
1325 3220 1694 3276 moderantem
1748 3221 2008 3278 illustrem

434 3298 570 3353 sacri
625 3300 938 3368 patrimonii
981 3304 1288 3359 comitivam
1340 3320 1460 3361 esse
1514 3307 1568 3360 in
1604 3297 2008 3377 veteri'lapide.

431 3380 659 3448 Largior
682 3383 848 3438 etiam
869 3387 1120 3440 eumdem
1153 3387 1342 3451 videri,
1383 3387 1473 3456 qui
1515 3401 1699 3443 comes
1727 3397 1782 3442 et
1810 3403 2009 3458 procu-

417 3473 590 3524 ,rator
615 3466 668 3519 in
705 3463 748 3520 1.
785 3482 875 3522 xvt
899 3482 951 3521 c.
987 3467 1092 3522 Th.
1129 3469 1196 3522 de
1221 3468 1356 3523 Bon.
1394 3468 1934 3538 Proscript.Arcadio
1953 3481 2009 3528 et

432 3546 673 3602 llonorio
686 3549 1018 3616 principibus
1030 3549 1242 3604 dicitur.
1257 3551 1404 3617 Atis,
1424 3561 1475 3605 ut
1489 3551 1621 3622 legis
1636 3563 2008 3622 argumentum

432 3629 658 3693 indicat,
695 3631 1006 3698 patrimonii
1037 3631 1337 3689 Gildoniaci
1371 3649 1576 3700 comes;
1607 3651 1766 3706 quem
1799 3636 2008 3693 Notitia

429 3713 561 3781 imp.
596 3711 780 3768 Occid.
807 3714 931 3769 (ΜΞ
965 3725 1269 3782 memorat,
1299 3728 1352 3775 et
1382 3730 1703 3789 procurator
1736 3720 1856 3778 fuit.
1889 3722 2006 3780 Jam

429 3797 575 3863 quod
608 3795 782 3852 forma
817 3796 980 3868 lmjus
1011 3801 1278 3857 comitiva:
1329 3804 1401 3858 sit
1444 3805 1585 3872 apud
1624 3805 2004 3863 Cassiodorum

429 3894 520 3949 ep.
553 3896 630 3944 vt,
655 3880 708 3943 9.
747 3881 822 3946 id,
855 3893 912 3937 ut
949 3898 1132 3940 comes
1175 3886 1485 3955 patrimonii
1511 3898 1636 3943 ante
1657 3889 2004 3945 Anastasium

430 3960 618 4027 fuerit,
646 3963 865 4020 efficere
891 3980 994 4020 non
1021 3968 1240 4036 poterit,
1260 3984 1382 4026 cum
1407 3970 1477 4026 ab
1504 3971 1795 4028 Anastasio
1822 3971 2003 4045 Theo-

430 4046 650 4100 dorieus
672 4047 789 4113 ejus
818 4047 896 4102 rei
925 4051 1232 4120 exemplum
1263 4067 1478 4108 sumere
1518 4055 1776 4123 potuerit.
1805 4052 2003 4110 Verum

430 4127 533 4183 hoc
590 4130 785 4186 obiter.
831 4131 959 4187 Mss.
989 4134 1167 4203 χωρία
1221 4135 1571 4207 πατριμόνια,
1622 4152 1653 4192 e
1707 4137 1908 4208 quibus
1955 4139 2001 4194 si

430 4214 858 4284 πατριμονιάλια
905 4216 1272 4284 formaveris,
1331 4220 1530 4276 fundos
1596 4220 2002 4290 patrimoniales

432 4295 680 4353 habebis.

496 4422 630 4477 Ibid.
662 4424 905 4494 Κίΰυρα.
945 4425 1136 4498 Magna
1165 4427 1282 4483 inec
1310 4438 1394 4486 est
1419 4429 1638 4504 Cibyra,
1664 4445 1693 4485 a
1729 4446 1832 4501 qua
1864 4447 1997 4489 con-

424 4515 617 4563 ventus
649 4507 987 4579 Cibyraticits
1026 4511 1167 4580 apud
1207 4510 1437 4568 Plinium
1471 4531 1525 4580 v,
1548 4513 1638 4577 29,
1674 4516 1725 4568 in
1754 4514 2000 4586 Phrygia:

425 4589 707 4659 Caria‘que
739 4590 937 4646 linibus
973 4595 1169 4660 posita,
1199 4609 1299 4649 nec
1321 4597 1476 4665 longe
1502 4595 1571 4650 ab
1595 4595 1880 4651 Antiochia
1932 4599 1996 4652 ad

424 4671 756 4726 Maeandrum
787 4682 921 4728 teste
944 4675 1211 4729 Strabone
1242 4691 1337 4730 xm
1373 4691 1428 4744 p.
1469 4677 1592 4732 630.
1627 4679 1808 4747 Itaque
1837 4679 1999 4735 falsus

423 4765 507 4808 est
539 4754 861 4810 scholiastes
890 4754 1097 4811 Horatii
1141 4757 1484 4828 Cruquianus
1510 4760 1560 4813 iu
1594 4759 1692 4828 Ep.
1733 4761 1784 4826 1,
1821 4761 1874 4828 6,
1928 4763 1998 4818 55

421 4837 666 4893 scribens
688 4836 915 4910 (Cibyra
944 4842 1086 4896 vicus
1107 4843 1404 4896 maritimus
1428 4844 1481 4898 in
1514 4842 1876 4916 Paphlagonia
1900 4857 1997 4902 aut

420 4920 611 4990 Lydia.
643 4920 767 4976 Fuit
795 4924 1014 4993 quidem
1047 4925 1214 4980 altera
1245 4927 1432 4981 eodem
1462 4929 1679 4983 nomine
1706 4929 1799 4984 sed
1824 4931 1998 4985 minor

419 5004 475 5056 in
522 5001 834 5076 Pamphylia
872 5007 1010 5074 apud
1042 5009 1292 5063 eumdem
1335 5008 1655 5065 Strabonem
1683 5027 1771 5066 xiv
1801 5011 1995 5082 p.667,

419 5101 582 5153 quam
616 5087 660 5141 si
697 5088 997 5154 intellexit,
1039 5106 1280 5146 errorem
1319 5107 1584 5150 excusare
1613 5109 1830 5164 quoque
1889 5112 1994 5152 non

418 5170 636 5237 poterit.
677 5172 717 5226 A
759 5173 966 5228 minore
1021 5175 1123 5228 hac
1159 5174 1356 5246 Cibyra
1390 5175 1593 5230 Thema
1644 5177 1997 5250 Cybyrrhzeo-

422 5265 598 5310 tarum
625 5254 913 5334 appellavit
939 5256 1328 5312 Constantinus
1361 5256 1402 5312 1.
1440 5275 1457 5314 ι
1498 5259 1685 5317 Them.
1719 5263 1818 5325 l4;
1853 5265 1994 5333 quod

418 5353 540 5390 eum
600 5340 772 5408 patria
822 5339 1095 5394 Anasmsii
1143 5339 1532 5413 Thaumaturgi
1588 5343 1641 5398 in
1698 5345 1995 5414 Sjuaxario

416 5420 726 5478 Divionensi
747 5423 972 5488 feratur,
989 5424 1172 5496 χώρας
1196 5425 1294 5496 μὲν
1316 5421 1382 5497 ἦν
1407 5427 1856 5501 Κιδυρῤαιωτῶν,
1882 5447 1996 5484 me-

425 5506 531 5560 rito
585 5507 800 5563 mireris
853 5507 918 5562 D.
978 5507 1368 5578 Papebrocium
1419 5513 1610 5567 tonui
1651 5510 1774 5568 Jun.
1811 5515 1994 5586 p.526

418 5587 740 5642 scribentem
763 5609 776 5644 :
806 5590 986 5644 Nihilo
1018 5591 1228 5658 {acilius
1249 5593 1589 5660 explicuerint
1612 5612 1729 5664 qua:
1748 5595 1806 5652 S.
1827 5598 1992 5652 Atha.

421 5669 572 5719 nasia
600 5673 808 5732 jarria:
835 5689 953 5725 nam
971 5675 1431 5741 Kibyrrltoilaruttt
1454 5677 1504 5734 itt
1529 5678 1694 5750 elogio
1718 5683 1992 5740 nominata

424 5751 563 5821 regio
598 5757 742 5814 nulla
765 5759 910 5817 nobis
935 5761 1185 5831 innotuit,

1495 316 1879 382 ADDENDA.
1916 343 1983 353 --
2015 321 2080 383 Ρ.
2116 318 2628 380 WESSELINGiI

3573 311 3720 378 1141

2140 439 2143 443 ’
2206 431 2342 489 Ibid.
2390 429 2855 500 Κοκτημιιλικαί.
2925 429 3046 484 Alio
3095 430 3189 485 tibi
3237 428 3592 500 conjectare,
3627 428 3720 504 qui

2129 531 2314 570 verum
2337 515 2563 580 divinet,
2598 528 2734 582 opus
2755 524 2835 568 est
2865 531 2878 566 :
2918 527 3017 581 ego
3050 513 3185 567 nihil
3227 513 3356 568 hinc
3385 514 3648 581 expedio.

2199 597 2334 652 Ibid.
2355 597 2612 666 ἐπαρχία
2638 594 2935 662 Ποντικῆς
2960 593 3011 648 α’
3035 639 3047 650 .
3081 595 3172 649 Sic
3193 610 3348 659 mss.;
3382 611 3505 664 qua:
3539 596 3719 650 lacera

2127 696 2253 735 esse
2273 689 2513 749 apparet.
2542 679 2717 732 Credo
2731 680 2798 733 ab
2827 678 3094 732 Hieroclis
3116 695 3276 734 manu
3309 683 3524 733 venisse
3547 681 3722 748 ἐπαρ-

2127 763 2219 834 χία
2242 762 2511 831 Ποντικῆς
2535 761 2850 832 διοικήσεως
2874 768 2921 814 α’
2947 761 3190 827 Βιθυνία,
3222 764 3493 830 prociucia
3535 762 3720 816 Ponti-

2125 867 2199 904 cw
2226 850 2501 903 diazcescos
2534 851 2703 917 prima
2730 848 2994 920 Bithynia.
3018 847 3239 902 Orditur
3265 849 3392 902 hinc
3407 849 3721 904 dimi-escas

2125 932 2365 988 Pontica:
2394 932 2720 1003 provincias,
2758 947 2894 1001 quas
2925 930 2984 983 11
3024 932 3209 994 fuisse,
3247 923 3581 1001 Bithyniam,
3613 932 3720 985 Ho-

2126 1016 2432 1080 noriadem,
2466 1014 2885 1083 Paphlagoniam
2915 1053 2929 1078 ,
2968 1013 3234 1068 Galatiam
3268 1013 3498 1083 primam
3533 1025 3594 1068 et
3629 1030 3716 1068 se-

2123 1100 2382 1163 cundam,
2402 1097 2770 1166 Cappadocias
2802 1098 2956 1161 duas,
2983 1097 3202 1151 totidem
3224 1097 3535 1161 Armenias,
3556 1097 3719 1152 liele-

2127 1194 2419 1252 nopontum
2456 1189 2510 1235 et
2531 1190 2754 1250 pontum
2783 1178 3245 1245 Polemoniacum,
3276 1196 3344 1234 ex
3375 1180 3559 1234 Notit.
3585 1183 3706 1247 imp.

2128 1262 2224 1317 0r.
2255 1279 2305 1319 e.
2328 1264 2380 1329 1,
2405 1278 2521 1331 qua:
2541 1271 2594 1319 et
2625 1261 2930 1333 Bithyniam
2960 1261 3233 1317 consulari
3263 1263 3500 1326 mandat,
3528 1264 3713 1334 esplo-

2128 1355 2245 1402 rate
2282 1347 2553 1401 novimus.

2199 1430 2336 1485 ibid.
2391 1429 2744 1499 Χαλκηδών.
2784 1428 2898 1484 Etsi
2923 1428 3100 1499 primo
3156 1427 3276 1483 loco
3331 1429 3474 1482 inter
3517 1427 3712 1500 Bithy-

2125 1511 2229 1565 nice
2262 1512 2424 1567 urbes
2454 1522 2684 1580 ponatur
2712 1521 2766 1567 et
2813 1512 3047 1566 concilio
3091 1509 3509 1580 Constantinop.
3550 1515 3711 1566 tertio

2127 1607 2179 1660 p.
2215 1593 2320 1649 495
2350 1593 2584 1648 Joannes
2609 1597 2706 1664 τῆς
2736 1593 3128 1663 Καλχηδονέων
3177 1593 3567 1664 μητροπόλεως
3606 1595 3709 1662 τῆς

2125 1679 2366 1734 Βιθυνῶν
2404 1682 2669 1752 ἐπαρχίας
2716 1679 3045 1746 subscribat,
3083 1695 3188 1735 non
3235 1689 3418 1735 tamen
3471 1681 3581 1735 nisi
3612 1696 3711 1734 no.

2124 1766 2270 1822 mine
2325 1775 2479 1821 tenus
2513 1766 2834 1836 metropolis
2863 1766 2982 1830 fuit,
3029 1765 3194 1820 salvis
3242 1765 3574 1821 Nicomedia:
3604 1783 3708 1822 suo

2120 1847 2244 1916 jure
2290 1855 2346 1904 et
2375 1849 2694 1920 privilegiis,
2731 1859 2788 1903 ut
2843 1849 3174 1915 Marcianus,
3209 1850 3297 1904 cui
3347 1851 3706 1906 honorarium

2125 1935 2270 1990 hunc
2331 1935 2545 1991 titulum
2595 1936 2774 2000 debet,
2809 1936 2861 1990 in
2901 1934 3232 1992 Chalcedon.
3285 1951 3435 1992 eone.
3474 1954 3532 2007 p.
3592 1938 3699 1992 681

2121 2022 2324 2077 sciscit.
2373 2023 2484 2093 Τὴν
2517 2023 2904 2094 Καλχηδονέων
2950 2023 3125 2091 πόλιν,
3158 2023 3350 2090 inquit,
3396 2026 3453 2077 ἐν
3600 2025 3713 2094 τῆς

2121 2110 2282 2178 ἁγίας
2336 2110 2571 2174 πίστεως
2621 2110 2838 2172 σύνοδος
2881 2109 3205 2180 διεκροτήθη
3233 2151 3248 2175 ,
3312 2111 3713 2181 μητροπόλεως

2120 2197 2266 2268 ἔχειν
2293 2197 2566 2268 πρεσϐεῖα
2610 2195 3003 2266 ὲθεσπίσαμεν,
3048 2197 3273 2266 ὀνόματι
3308 2197 3452 2266 μόνῳ
3479 2197 3708 2266 ’ταύτην

2123 2281 2478 2352 τιμήσαντες,
2525 2279 2838 2350 σωζομένου
2876 2279 3078 2350 δηλαδὴ
3111 2283 3178 2350 τῇ
3207 2279 3568 2348 Νικομηδέων
3594 2296 3704 2348 μη-

2119 2362 2372 2433 τροπόλει
2395 2362 2490 2416 τοῦ
2527 2363 2655 2416 ἰδίου
2686 2361 3019 2434 ἀξιώματος.
3045 2362 3147 2429 Qui
3182 2377 3306 2416 cum
3377 2361 3696 2431 Καλχηδόνα

2121 2449 2307 2502 urbem
2339 2446 2594 2517 appellat,
2635 2446 2776 2500 haud
2810 2445 3035 2499 multum
3083 2446 3235 2499 abest
3257 2460 3285 2496 a
3315 2443 3699 2515 Καλχαεονίων

2121 2531 2346 2584 numis:
2384 2530 2512 2584 olim
2537 2529 2680 2584 enim
2717 2527 3019 2598 Καλχηδὼν
3056 2529 3490 2596 nuncupabatur.
3544 2526 3703 2592 Quod

2118 2626 2316 2667 nomen
2351 2621 2516 2680 atque
2574 2609 2879 2682 Καρχηδὼν
2912 2625 3032 2664 cum
3067 2623 3201 2665 sono
3232 2624 3420 2678 parum
3474 2611 3701 2676 distent,

2120 2695 2344 2764 praebita
2374 2708 2516 2762 saepe
2559 2693 2799 2749 librariis
2829 2702 2912 2748 est
2964 2693 3182 2747 occasio
3219 2693 3372 2747 urhis
3418 2694 3702 2760 utriusque

2118 2777 2523 2841 confundenda},
2550 2777 2712 2832 veluti
2738 2791 2858 2830 cum
2883 2775 3118 2845 Apsyrto
3143 2773 3411 2844 llippiatr.
3429 2790 3480 2830 c.
3503 2791 3701 2840 xxxut,

2117 2877 2171 2930 p.
2212 2861 2315 2916 115
2356 2861 2623 2926 tribuunt,
2659 2859 2753 2914 καὶ
2795 2859 2952 2912 τοῦτο
2995 2858 3051 2910 δὲ
3112 2859 3176 2911 ὲκ
3226 2858 3336 2912 τῶν
3372 2858 3704 2927 Γεωργικῶν

2116 2945 2386 3013 Μάγωνος
2451 2943 2544 2996 τοῦ
2598 2941 2969 3011 Χαλκηδονίου
3031 2941 3260 3011 εὓρηται
3292 2983 3308 3004 ,
3360 2951 3413 2996 et
3463 2941 3705 2996 Hierocli

2116 3042 2172 3096 p.
2225 3026 2327 3082 116
2348 3026 2554 3095 Μάγων
2581 3026 2637 3080 δὲ
2667 3024 3072 3095 όΧαλκηδόνιος
3115 3025 3172 3076 ὲν
3192 3027 3301 3087 τοῖς
3343 3023 3701 3094 Γεωργικοῖς.

2117 3107 2307 3179 Neque
2337 3109 2483 3165 enim
2537 3108 2690 3180 Mago
2729 3106 3208 3170 Chalcedonensis,
3267 3106 3360 3161 sed
3409 3106 3704 3177 Carthagi-

2119 3193 2322 3249 niensis
2365 3193 2485 3257 fuit,
2513 3193 2668 3264 cujus
2701 3192 2767 3247 de
2797 3190 2862 3245 Il.
2892 3189 2959 3244 R.
2994 3189 3182 3255 libros,
3217 3187 3419 3243 Punico
3443 3204 3706 3243 sermone

2119 3276 2375 3345 scriptos,
2415 3274 2637 3330 Cassius
2672 3273 2955 3346 Dionysius
3002 3271 3274 3328 Uticensis
3296 3270 3479 3325 Graeca
3510 3272 3701 3338 lingua

2118 3358 2278 3413 vertit
2308 3359 2447 3429 apud
2483 3355 2781 3412 Varronem
2817 3356 2880 3410 li.
2920 3354 2986 3410 R.
3027 3372 3070 3421 ι,
3104 3356 3155 3410 1.
3200 3356 3370 3423 Atque
3403 3353 3544 3407 haud
3578 3354 3704 3408 seio

2117 3456 2186 3495 an
2221 3440 2380 3508 hujus
2407 3440 2646 3511 Magonis
2677 3455 2870 3495 nomen
2904 3440 2955 3493 in
2999 3439 3081 3493 his
3106 3437 3352 3505 Stephani
3385 3437 3591 3489 lateat:
3639 3437 3702 3490 ’0

2116 3524 2344 3593 πολίτης
2395 3524 2764 3595 Καρχηδόνιος
2796 3540 2812 3555 ο
2830 3520 3199 3594 Καρχηδόνιος
3227 3514 3291 3589 ἦν
3318 3517 3472 3586 σοφὸς
3507 3517 3703 3586 μέγας

2116 3607 2210 3661 καὶ
2230 3607 2642 3677 Κλειτόμαχοςρ
2669 3607 2980 3677 Διογνήτου.
3009 3603 3340 3658 Sielacerum
3362 3613 3486 3654 ante
3509 3599 3700 3654 locum

2115 3690 2392 3758 Meuagius
2423 3690 2475 3743 in
2501 3691 2790 3761 Diogenem
2811 3688 2991 3744 Laert.
3010 3703 3083 3752 tv,
3105 3687 3174 3740 67
3195 3695 3247 3739 et
3271 3683 3547 3739 Berkelius
3562 3698 3704 3736 con-

2115 3775 2428 3838 stituerunt,
2457 3783 2606 3829 recte
2628 3814 2643 3840 ,
2697 3775 2739 3828 si
2773 3773 2899 3843 quid
2921 3787 3023 3842 ego
3052 3770 3248 3836 video;
3287 3768 3377 3838 qui
3411 3768 3455 3821 si
3488 3779 3696 3836 praste-

2116 3872 2207 3913 rea
2239 3856 2401 3925 σοφὸς
2446 3858 2654 3926 Μάγων
2683 3855 2703 3928 (
2730 3872 2853 3910 nam
2885 3854 3112 3909 alterum
3143 3851 3420 3908 tolerabile
3455 3864 3560 3903 non
3587 3851 3695 3914 est)

2115 3940 2500 4003 correxissent,
2525 3939 2700 3994 locum
2721 3953 2806 3992 me
2826 3937 3008 4008 judice
3038 3940 3438 4006 persanasseut.
3456 3930 3537 3985 Ne
3562 3947 3698 3985 vero

2111 4036 2141 4076 a
2174 4021 2452 4092 proposito
2475 4020 2684 4091 longius
2710 4022 3050 4083 aberremus,
3084 4019 3225 4073 idem
3262 4017 3393 4082 mihi
3422 4015 3614 4068 vitium
3638 4015 3693 4066 in

2114 4106 2198 4162 his
2234 4104 2520 4161 Strabonis
2549 4104 2762 4159 videtur
2784 4102 3078 4157 admissum
3114 4117 3237 4167 xm,
3273 4115 3327 4171 p.
3358 4097 3485 4165 609,
3515 4097 3600 4150 ubi
3621 4097 3690 4148 de

2108 4188 2416 4244 Metrodoro
2440 4187 2683 4257 Scepsio,
2712 4186 2801 4240 διὰ
2847 4187 2905 4239 δὲ
2949 4184 3048 4257 τὴν
3075 4185 3233 4251 δόξαν
3276 4185 3334 4236 ἐν
3377 4178 3692 4252 Καρχηδόνι

2110 4271 2290 4341 γάμου
2318 4268 2573 4341 λαμπροῦ
2604 4269 2771 4338 πένης
2792 4267 2868 4322 ὢν
2892 4269 3050 4339 ἔτυχε
3067 4267 3160 4321 καὶ
3173 4266 3509 4338 ἐχρημάτιζε
3529 4264 3693 4331 Kap-

2109 4354 2378 4425 χηδόνιυς.
2424 4353 2500 4408 De
2541 4351 2868 4422 Carthagine
2909 4353 3050 4407 enim
3104 4365 3232 4404 vera
3263 4363 3368 4404 non
3407 4347 3687 4410 videntur,

2108 4437 2372 4506 siquidem
2399 4434 2692 4490 Metrodori
2721 4445 2880 4490 aetate
2915 4435 3059 4488 nulla
3090 4433 3210 4498 fuit,
3253 4432 3456 4486 dudum
3486 4444 3515 4483 a
3558 4426 3689 4483 Sei-

2109 4521 2267 4590 piope
2293 4518 2409 4574 solo
2435 4529 2664 4588 mquata.
2695 4519 2883 4574 Dicere
2909 4532 3093 4588 posses
3123 4516 3482 4572 Metrodorum
3506 4527 3683 4565 aevum

2108 4602 2417 4658 extendisse
2453 4601 2764 4670 vixisseque
2797 4602 2969 4656 donec
2993 4615 3022 4654 a
3061 4599 3276 4656 Caesare
3307 4598 3437 4652 urbs
3473 4596 3687 4649 instau-

2106 4696 2340 4749 raretur,
2383 4699 2446 4739 ex
2471 4683 2718 4753 Plinio,ia
2747 4682 3023 4750 Scaligero
3052 4682 3359 4743 emendato,
3387 4693 3577 4741 xxxvi,
3606 4677 3641 4730 6
3667 4693 3682 4730 :

2108 4769 2211 4824 Hic
2245 4785 2465 4839 namque
2488 4777 2565 4822 est
2597 4767 2876 4823 Mamurra
2905 4767 3113 4842 Catulli
3135 4764 3447 4820 Veronensis
3487 4763 3687 4814 carmi~

2107 4853 2258 4906 nibus
2281 4853 2598 4917 promissus,
2632 4867 2784 4920 quem
2825 4849 3166 4904 Metrodorus
3197 4846 3443 4913 Scepsius
3478 4844 3683 4898 clarius

2103 4951 2259 5007 quam
2290 4932 2530 4987 Catullus
2554 4932 2693 4986 dixit
2743 4933 2954 4995 habere,
2988 4931 3243 5002 quidquid
3275 4929 3540 4982 habuisset
3573 4924 3680 4979 Ca-

2104 5028 2252 5072 mata
2302 5015 2498 5071 Gallia.
2533 5015 2602 5070 At
2653 5016 2829 5071 obstat
2898 5014 3115 5077 Strabo,
3167 5013 3256 5083 qui
3309 5011 3678 5068 Metrodorum

2104 5100 2340 5156 nondum
2371 5100 2515 5154 vieto
2545 5098 2776 5169 Tigrane
2795 5097 3130 5152 Mithridatis
3147 5096 3300 5165 jussu
3338 5103 3678 5166 peremptum

2105 5183 2367 5252 prodidit,
2403 5197 2500 5236 nec
2520 5180 2772 5237 dissentit
2823 5181 3144 5236 Plutarchus
3164 5181 3216 5234 in
3236 5178 3457 5234 Lucullo
3471 5192 3522 5245 p.
3549 5175 3678 5230 580.

2102 5267 2288 5335 Itaque
2310 5281 2430 5321 cum
2463 5265 2532 5321 ls.
2554 5266 2776 5320 Vossius
2796 5265 2846 5316 in
2873 5279 3004 5319 mss.
3029 5264 3290 5318 Plinianis
3320 5265 3384 5316 ad
3406 5260 3676 5316 Catullum

2104 5367 2156 5421 p.
2187 5351 2246 5406 71
2281 5351 2568 5414 invenerit,
2597 5361 2653 5404 et
2691 5357 2803 5418 post
2834 5362 2956 5402 eum
2980 5346 3311 5408 llarduinus.
3333 5362 3484 5414 quem
3514 5353 3564 5398 et
3595 5360 3680 5398 res

2102 5445 2148 5490 et
2207 5439 2394 5488 domus
2424 5435 2587 5502 ipsius
2637 5433 2836 5486 clarius
2877 5449 3035 5499 quam
3069 5430 3338 5496 Catullus,
3373 5430 3426 5484 id
3476 5438 3531 5482 et
3574 5443 3681 5498 ego

2103 5519 2423 5589 probavero,
2463 5532 2542 5582 re,
2590 5526 2647 5570 ut
2689 5530 2856 5584 saepe,
2897 5530 3007 5568 rem
3068 5514 3390 5568 familiarem
3424 5523 3676 5568 notante.

2173 5603 2308 5658 Ibid.
2340 5599 2716 5671 Νικομήδεια.
2755 5600 2830 5656 De
2858 5600 3191 5656 nobilissima
3232 5599 3514 5668 metropoli
3546 5612 3678 5654 tan-

2105 5698 2213 5742 tum
2242 5686 2444 5749 dicam,
2478 5685 2624 5741 annni
2658 5684 2826 5740 fuisse
2873 5684 3196 5754 appositam,
3224 5698 3384 5754 quem
3410 5683 3680 5755 Phrygem

2108 5771 2437 5831 Thetuistius
2475 5769 2628 5828 Orat.
2663 5784 2814 5839 xxiv,
2841 5784 2894 5841 p.
2925 5769 3029 5826 305
3065 5777 3219 5826 vocat
3252 5765 3682 5838 gNicomedicu-
