3980 6210
304 354 443 421 1145

295 492 381 530 ses
404 475 549 530 enim
572 482 743 542 rogat,
759 472 1163 528 arbitrentnrne
1194 488 1252 528 se
1271 474 1516 544 ποταμοῦ
1546 476 1640 529 τοῦ
1660 477 1874 547 Φρυγὸς

296 563 367 632 τῇ
392 559 774 630 φιλανθρωπίᾳ
801 559 866 612 ad
903 559 1048 628 ipsos
1070 559 1503 625 complectendos
1538 576 1659 615 esse
1685 576 1874 613 accen-

291 643 456 698 sum?
497 658 597 697 nec
654 657 844 697 verum
881 651 1061 694 tamen
1091 642 1141 694 id
1171 641 1291 709 ejus
1319 642 1490 697 luisse
1527 657 1747 706 nomen,
1780 642 1873 697 sed

290 726 526 797 Gallum.
580 725 630 779 id
676 739 739 778 ex
803 724 1060 779 Passuone
1117 723 1396 792 Cypriani,
1448 739 1613 791 quam
1670 734 1800 777 tom.
1843 726 1876 779 5

293 810 553 863 Thesauri
579 807 836 861 Anecdot.
909 822 1033 874 pag.
1066 805 1205 859 16ιὸ
1239 808 1327 860 ed.
1357 806 1600 861 Martene
1629 807 1870 874 comple-

291 908 394 947 xus
422 898 527 952 est,
563 881 825 944 diScimus
857 906 870 942 :
907 889 1064 941 Ducti
1089 898 1263 941 autem
1300 890 1369 941 ad
1398 891 1636 957 ﬂuvium,
1659 890 1749 958 qui
1783 906 1871 943 vo-

290 988 443 1029 catur
478 970 760 1037 Gallus,in
797 970 1162 1024 Nicomediam
1218 974 1502 1037 civitatem,
1547 982 1605 1023 ut
1638 972 1872 1025 decolla-

292 1070 493 1113 rentur.
531 1056 718 1112 Gallus
766 1066 949 1109 autem
987 1071 1083 1109 cur
1144 1054 1410 1125 Phrygius
1458 1057 1692 1119 dicatur,
1747 1070 1869 1109 cum

293 1144 459 1198 simili
503 1140 821 1209 cegnomine
877 1139 1118 1209 Phryges
1145 1137 1369 1192 ﬂuvium
1417 1139 1726 1212 habuerint,
1761 1156 1868 1193 non

290 1235 409 1295 eget
435 1224 725 1277 verborum
756 1222 985 1276 ambitu.

358 1309 619 1365 (301.149.
640 1310 937 1375 Πρίνετος,
962 1305 1227 1375 Πρένετος
1254 1305 1462 1361 Socrati
1490 1306 1561 1360 Η.
1588 1307 1655 1360 Ε.
1681 1322 1757 1373 vr,
1781 1306 1867 1371 i6,

291 1392 383 1447 ubi
432 1395 733 1463 emporium
762 1406 825 1445 ex
860 1389 1090 1443 adverso
1134 1386 1462 1443 Nicomedia:
1486 1389 1649 1444 situm
1681 1392 1869 1458 perbi-

291 1478 492 1538 betur;
551 1486 716 1544 atque
744 1472 817 1527 ibi
857 1473 910 1525 in
953 1470 1152 1523 Tabula
1182 1470 1502 1542 Pcutingera
1551 1471 1621 1526 Μ.
1647 1471 1707 1527 P.
1740 1473 1809 1527 28
1840 1488 1870 1525 a

293 1557 472 1611 Nicaea
507 1556 866 1626 conspicitur.
904 1552 1036 1606 Vide
1061 1551 1336 1609 Valesium
1370 1556 1423 1608 itt
1456 1569 1580 1608 eum
1630 1552 1871 1609 Socratis

292 1641 493 1694 locum.
541 1639 622 1692 Τὰ
668 1639 809 1691 κατὰ
862 1636 1168 1707 Πραίνητον
1217 1638 1316 1705 τῆς
1369 1637 1621 1700 Βιθυνίας
1646 1638 1870 1708 ἁγρίδια

291 1722 568 1777 Palladius
628 1719 737 1775 Vit.
812 1720 1187 1790 Chrysostomi
1255 1735 1308 1788 p.
1364 1719 1452 1775 75.
1506 1720 1871 1775 Continuator

293 1803 663 1873 Theophanis,
697 1803 852 1871 cujus
907 1805 1068 1855 verba
1116 1803 1409 1872 exscripsit
1461 1804 1525 1857 A.
1569 1803 1764 1873 Pagius
1816 1804 1867 1857 in

291 1888 487 1944 Critic.
537 1888 639 1943 Att.
670 1887 796 1951 960,
824 1885 878 1951 5,
912 1886 1099 1939 urbem
1138 1901 1338 1940 nomen
1385 1887 1435 1939 id
1479 1885 1752 1954 indeptam
1784 1886 1854 1939 af-

292 1976 474 2028 tirmat
515 1989 545 2028 a
597 1972 845 2030 Praenato
904 1971 1265 2041 Bithynorum
1323 1969 1598 2042 quondam
1650 1970 1865 2025 tutelari

290 2060 416 2113 deo.

365 2140 496 2196 Ibid.
536 2142 939 2207 Ἐλενόπολις.
999 2139 1227 2195 Preneto
1275 2139 1507 2194 vicinam
1556 2137 1869 2208 Stephanus

294 2223 349 2279 itt
382 2226 688 2298 Πρόνεκτος
718 2229 845 2281 facit
879 2244 894 2280 :
935 2241 1111 2295 neque
1146 2226 1286 2280 enim
1322 2225 1426 2278 alia
1472 2234 1556 2278 est
1582 2224 1701 2294 ejus
1728 2222 1867 2276 Dre-

293 2325 454 2378 pane,
489 2320 547 2364 ut
578 2326 641 2365 ex
669 2310 894 2365 Socrate
937 2308 1007 2362 Η.
1038 2307 1108 2360 Ε.
1146 2323 1188 2373 l,
1221 2308 1288 2362 18
1318 2314 1555 2362 constat.
1607 2305 1868 2375 Apposita

294 2393 397 2447 fuit
437 2392 600 2447 ﬂuvio
652 2392 887 2447 Draconi
918 2407 946 2445 a
975 2392 1334 2447 Constantino
1366 2391 1435 2445 Μ.
1462 2404 1604 2445 novo
1648 2390 1865 2443 nomine

292 2478 545 2532 decorata
577 2477 631 2529 in
673 2477 864 2530 matris
908 2476 1188 2540 honorem,
1217 2491 1335 2541 qua:
1382 2474 1455 2528 ibi
1487 2484 1615 2527 nata
1651 2471 1871 2527 fereba-

294 2570 383 2615 tur
421 2563 560 2630 apud
585 2559 906 2627 Pronpium
944 2556 1111 2611 Fabr.
1141 2556 1347 2612 Justiti.
1385 2573 1439 2621 v,
1463 2557 1516 2610 2.
1551 2555 1766 2609 Helena:
1790 2555 1872 2607 in-

294 2645 687 2700 ataurationem
723 2644 965 2698 tribuunt
992 2643 1121 2696 Acta
1154 2642 1211 2695 S.
1241 2642 1464 2695 Litt-iani
1491 2657 1540 2694 c.
1571 2642 1640 2695 5:
1678 2639 1869 2693 Postea

293 2739 489 2789 autem,
520 2727 792 2795 inquiunt,
835 2741 951 2794 qua:
986 2726 1131 2777 nobis
1157 2726 1441 2779 salutarem
1480 2723 1694 2776 Domini
1720 2725 1871 2776 resti-

294 2815 397 2865 tuit
433 2827 638 2865 crucem
678 2821 725 2864 et
758 2826 1006 2879 magnum
1040 2811 1176 2863 inter
1207 2809 1379 2861 claros
1410 2810 1745 2876 imperatores
1778 2824 1871 2876 ge-

295 2897 408 2949 nuit
437 2894 865 2959 Constantinum,
901 2895 1198 2947 veneranda
1216 2896 1437 2955 Helena,
1468 2894 1678 2959 quando
1709 2909 1875 2945 reiter-

303 2979 513 3031 tebatur
533 2975 934 3045 Hierosolymis,
961 2979 1129 3028 locum
1161 2978 1426 3026 honoratis
1458 2975 1511 3026 in
1542 2991 1601 3027 eo
1631 2975 1871 3027 condidit

291 3064 575 3123 civitatem,
623 3059 1017 3128 convocatisque
1073 3059 1457 3111 habitatoribus
1510 3073 1575 3111 ea:
1631 3058 1697 3110 iis
1756 3073 1873 3118 qua:

292 3145 636 3198 circumcirca
707 3152 855 3196 erant
912 3143 1228 3211 regionibus,
1275 3151 1323 3194 et
1373 3142 1571 3209 e/fectis
1635 3141 1874 3209 operibus

296 3228 541 3295 publicis,
600 3227 791 3281 validis
854 3241 971 3279 eam
1029 3225 1198 3278 cinxit
1234 3224 1487 3277 moenibus
1539 3234 1585 3277 et
1627 3222 1874 3290 templum

296 3312 519 3379 martyri
570 3309 914 3377 exwdiﬁcavit
972 3308 1288 3360 maximum.
1359 3306 1569 3359 Similia
1630 3306 1775 3376 leges
1820 3305 1871 3358 in

298 3392 649 3462 Philustorgii
680 3391 748 3445 Η.
793 3389 860 3444 Ε.
888 3406 946 3455 ιι,
971 3391 1068 3454 l5;
1099 3389 1193 3460 qui
1233 3404 1364 3443 sane
1402 3398 1687 3456 propterea
1718 3402 1876 3442 coer-

298 3476 553 3530 citionem
607 3473 929 3530 Gothofredi
993 3490 1097 3528 non
1151 3482 1472 3528 meruerat:
1510 3486 1686 3541 neque
1729 3472 1870 3525 enim

298 3561 441 3612 aliud
460 3560 642 3614 dicere
667 3559 835 3611 voluit
865 3573 1026 3627 qnam
1056 3556 1255 3611 Helena
1279 3566 1500 3610 auctore
1528 3571 1590 3609 ac
1607 3553 1874 3610 suadente

305 3643 608 3709 Drepanem
645 3654 675 3691 a
707 3639 1068 3697 Constantino
1116 3639 1284 3694 fuisse
1329 3653 1396 3692 ex
1426 3639 1549 3693 vico
1590 3643 1641 3692 in
1682 3638 1870 3691 urbem

297 3731 711 3777 commutatam.
741 3720 968 3789 Propter
988 3721 1176 3775 urbem
1199 3731 1354 3774 erant
1371 3721 1670 3775 calidarum
1704 3734 1874 3787 aqua-

299 3822 421 3862 rum
475 3804 688 3871 balnea,
735 3806 800 3857 ad
848 3819 968 3872 qua:
1031 3802 1417 3857 Constantinus
1467 3803 1569 3856 sub
1629 3813 1873 3857 extrema

300 3893 425 3944 vita:
450 3902 771 3959 properasse
800 3887 998 3939 dicitur
1030 3900 1060 3938 a
1092 3884 1321 3939 Socrate
1356 3884 1429 3940 Il.
1460 3884 1527 3937 Ε.
1552 3900 1590 3947 ι,
1625 3884 1657 3935 lt
1684 3894 1737 3937 et
1771 3881 1875 3936 So-

302 3988 533 4029 zomeno
564 3988 622 4034 ιι,
647 3971 735 4025 54.
773 3969 1060 4024 Eusebium
1087 3967 1237 4035 paria
1253 3968 1577 4022 scribentem
1602 3967 1705 4021 Vit.
1731 3966 1877 4021 Con-

300 4067 470 4112 stant.
511 4072 585 4121 tv,
609 4056 673 4109 6i
712 4055 984 4121 interpres
1016 4051 1164 4105 aliud
1217 4051 1395 4104 dicere
1430 4050 1624 4117 coegit.
1656 4050 1877 4104 Seriore

300 4156 441 4207 sevo,
468 4150 525 4193 ιιι
554 4140 605 4192 id
635 4140 850 4196 addam,
879 4134 1221 4203 ilelenOpolis
1243 4132 1537 4188 miserabili
1562 4132 1878 4189 conditione

306 4225 476 4278 fuisse
510 4223 727 4275 videtur
764 4237 777 4273 :
813 4218 980 4274 refert
1026 4218 1170 4272 enim
1207 4216 1405 4288 Glycas
1440 4217 1636 4271 Annal.
1668 4232 1721 4271 tr
1753 4212 1873 4287 pag.

303 4307 405 4361 527
425 4306 721 4359 Manuelem
740 4302 1080 4357 Comnenum
1104 4303 1377 4369 appulisse
1405 4301 1504 4354 οὐκ
1528 4300 1584 4355 ἔν
1600 4318 1706 4354 τινι
1728 4302 1877 4371 τόπῳ

304 4391 557 4459 διαφανεῖ
645 4387 981 4441 Ἐλενοπόλει
1037 4385 1095 4439 δέ.
1130 4401 1255 4451 τινι,
1305 4388 1371 4455 ῆν
1411 4385 1461 4437 οἰ
1501 4384 1877 4456 ἀγροικότεροι

314 4472 582 4528 ’Ἐλεεινοῦ
617 4472 769 4524 πόλιν
817 4469 1097 4532 καλοῦσιν,
1157 4469 1429 4538 appulisse
1496 4468 1875 4539 Helenopolin,

307 4573 468 4627 quam
505 4556 820 4610 rusticiores
850 4552 1252 4622 Eleeinupolin,
1271 4553 1425 4621 quasi
1453 4552 1604 4607 dicas
1622 4554 1876 4623 Oppidum

306 4639 636 4703 miserabile,
670 4648 908 4692 vocant:
938 4645 1087 4691 recte
1130 4637 1273 4689 enim
1330 4636 1688 4692 Leunclavius
1739 4641 1878 4692 hanc

306 4722 533 4777 indicari
561 4719 963 4784 animadvertit,
990 4728 1043 4772 et
1070 4717 1324 4771 vocabuli
1352 4718 1731 4786 paronomasia
1758 4718 1877 4786 ejus

304 4806 616 4874 Opinionem
655 4802 869 4865 lirmat;
908 4811 965 4854 ut
1001 4814 1228 4870 prorsus
1263 4801 1384 4855 sine
1417 4801 1625 4855 ratione
1648 4800 1723 4854 illi
1775 4801 1874 4855 Ph.

303 4887 555 4943 Labbeus
593 4887 664 4943 sit
688 4885 995 4940 ohlocutus.

378 4969 511 5024 laid.
547 4970 781 5023 Νίκαια.
806 4966 1073 5038 Bithyniae
1098 4965 1419 5035 metropolin
1442 4980 1565 5021 esse
1600 4964 1677 5020 ait
1727 4963 1879 5019 Stra-

306 5061 376 5112 ho
421 5073 518 5121 xu,
553 5072 602 5124 p.
636 5055 761 5119 565,
805 5054 1216 5123 notissimaeqne
1236 5051 1351 5120 ejus
1368 5064 1420 5106 et
1453 5050 1784 5107 Nicomediae
1816 5053 1882 5108 de

305 5146 539 5210 primatu
584 5148 709 5196 sunt
760 5139 1183 5203 contentiones;
1223 5137 1274 5191 in
1336 5136 1534 5206 quibus
1594 5138 1693 5191 etsi
1739 5137 1880 5190 victa

306 5225 646 5290 discesserit,
707 5222 1015 5277 Nicomedia
1073 5223 1138 5275 ad
1194 5220 1507 5291 Metropolis
1559 5221 1879 5288 dignitatem

305 5314 471 5378 elata,
507 5322 686 5365 tamen
742 5311 909 5379 impp.
970 5308 1379 5363 Valentinianus
1414 5321 1464 5363 et
1496 5306 1716 5373 Valens,
1745 5324 1883 5378 quo-

306 5396 455 5449 niam
486 5408 550 5447 ea
592 5395 641 5447 in
670 5394 803 5448 urbe
832 5394 1059 5462 Augusti
1083 5403 1240 5447 erant
1273 5394 1466 5457 creati,
1516 5395 1762 5447 eamdem
1786 5394 1882 5448 sed

305 5477 535 5534 secundi
568 5476 669 5530 loci
700 5475 1019 5544 metropolin
1066 5490 1184 5530 esse
1206 5475 1506 5546 jusserunt.
1548 5475 1719 5530 Verba
1751 5476 1883 5548 legis

306 5559 460 5614 Actis
495 5557 706 5613 concilii
739 5556 1070 5611 Chalcedon.
1096 5568 1225 5612 tom.
1272 5558 1364 5622 IX,
1399 5575 1452 5628 p.
1518 5560 1616 5614 lOl
1679 5560 1881 5615 inserta

309 5653 482 5710 sunt;
520 5641 662 5696 unde
696 5650 877 5695 natam
914 5641 1198 5697 credidero
1236 5644 1527 5698 multorum
1572 5645 1881 5714 persuasio-

312 5742 458 5791 nem,
492 5741 596 5798 qua
622 5725 1085 5782 Chalcedonensis
1109 5727 1326 5781 concilii
1379 5736 1619 5798 tempore
1641 5727 1879 5785 Niczeam

306 5812 413 5870 hac
433 5811 747 5883 dignatione
774 5820 986 5869 auctam
1016 5810 1262 5868 arbitrati
1295 5819 1440 5869 sunt.
1482 5814 1569 5867 Διὸ
1596 5813 1660 5884 δὴ
1692 5814 1879 5885 ἐπειδὴ

1154 353 1535 416 COMMENP.
1576 357 1655 416 IN
1699 356 2117 421 IIIEROCLIS
2152 328 2692 433 SYNECDEMUM.

3415 375 3553 439 1116

1986 480 2341 571 μητρόπολις,
2377 486 2625 571 inquiunt
2656 488 2906 571 Augusti,
2955 487 3120 543 πάλαι
3148 489 3439 561 ὠνομάσθη
3462 493 3556 545 καὶ

1981 565 2138 615 τοῦτο
2169 565 2323 635 νόμοι
2382 570 2604 621 παλαιοὶ
2649 570 2989 641 περιέχουσι,
3022 571 3089 624 τὰ
3112 573 3251 625 αὐτὰ
3282 576 3423 644 ειπερ
3455 575 3557 626 Νι-

1979 648 2278 715 κομηδεῦσι
2308 652 2741 721 νομοθετούντων
2787 654 2946 723 ἡμῶν
3007 655 3270 725 ὑπῆρξεν,
3301 658 3553 728 οὐδεμίαν

1978 730 2309 797 ἀμφιϐολίαν
2338 734 2485 805 ἔχειν
2530 737 2751 791 δύναται
2782 737 2843 790 τὸ
2890 740 3164 803 ᾀσάλευτα
3192 742 3286 794 καὶ
3357 742 3555 813 ἰσχυρὰ

1980 813 2180 881 μένειν,
2229 818 2325 869 καὶ
2372 821 2453 882 εὶς
2482 824 2542 872 τὸ
2582 821 2775 875 ἔπειτα
2808 823 3246 893 αὐξηθησόμενα.
3317 824 3407 878 Sic
3454 827 3551 889 illi,

1975 898 2263 953 verborum
2320 904 2511 959 ordine
2559 908 2695 961 satis
2752 923 2967 977 aspero,
3017 924 3177 978 quem
3216 926 3337 964 cum
3392 913 3552 977 paulo

1975 979 2138 1035 aliter
2165 994 2319 1039 vetus
2348 986 2614 1054 interpres
2664 993 3017 1059 expresserit,
3075 1009 3195 1048 eum
3238 994 3547 1049 audiamus.

1977 1059 2268 1131 Propterea
2309 1068 2429 1122 licet
2485 1074 2888 1139 metropolitana
2919 1077 3043 1129 olim
3075 1087 3150 1131 est
3200 1090 3471 1130 nominata
3502 1090 3549 1132 et

1972 1145 2069 1200 hoc
2099 1149 2235 1219 leges
2287 1154 2518 1220 antiquw
2549 1156 2833 1219 continent,
2862 1170 3034 1212 tamen
3063 1162 3222 1229 legem
3256 1163 3403 1214 nobis
3430 1178 3552 1230 pro-

1974 1230 2254 1298 fcrentibus
2295 1236 2440 1287 nulla
2470 1237 2730 1290 dubitatio
2754 1255 2865 1292 esse
2921 1244 3130 1309 poterit,
3160 1261 3218 1296 eo
3244 1248 3381 1313 quod
3438 1246 3551 1297 Itwc

1973 1313 2188 1368 immota
2217 1326 2266 1369 et
2291 1318 2447 1383 firma
2480 1331 2823 1386 permaneant
2865 1333 2913 1375 et
2972 1326 3295 1389 temporibus
3352 1327 3548 1392 futuris

1974 1398 2237 1465 augenda.
2306 1400 2573 1455 Praeteriit
2609 1402 2753 1472 ἆπερ
2795 1405 3165 1474 Νικομηδεῦσι
3199 1408 3460 1478 ὑπῆρξεν,
3496 1419 3551 1463 et

1976 1479 2113 1532 bene
2150 1494 2233 1532 me
2260 1480 2508 1536 arbitro:
2538 1498 2643 1537 non
2695 1486 2843 1538 enim
2882 1485 3057 1540 Nicaea
3120 1504 3342 1556 prorsus
3393 1490 3554 1545 Nico-

1975 1562 2165 1616 mediae
2191 1563 2293 1617 fuit
2316 1575 2554 1635 aequata,
2586 1567 2678 1621 sed
2709 1569 2931 1623 secundi
2956 1570 3056 1623 loci
3093 1572 3427 1638 metropolis,
3447 1575 3555 1627 sal-

1974 1645 2053 1699 vis
2093 1647 2345 1702 omnibus
2368 1664 2506 1703 verae
2531 1653 2832 1719 metropoli,
2868 1663 3069 1706 creata.
3107 1655 3177 1705 Ἣ
3215 1655 3273 1705 ὲν
3296 1655 3553 1724 εδευτέρῳ

1971 1727 2122 1798 τόπῳ
2170 1725 2304 1783 οὖσα
2348 1733 2739 1802 μητροπόλεως
2802 1734 3027 1803 ὀνόματι
3080 1735 3347 1802 καλεῖται,
3392 1737 3550 1790 iidem

1970 1811 2205 1881 Augusti
2249 1815 2403 1869 aiunt
2454 1817 2505 1869 in
2550 1816 2720 1885 Epist.
2752 1819 2818 1873 ad
2855 1818 3292 1874 Nicomedienses
3338 1838 3387 1889 p.
3428 1822 3549 1875 105.

1972 1894 2261 1948 Addtmtur
2306 1897 2358 1950 in
2389 1899 2578 1952 eadem
2610 1901 3017 1964 constitutione,
3060 1917 3166 1971 qua
3207 1901 3387 1957 Niczea
3438 1918 3554 1957 me-

1973 1976 2196 2045 tropolis
2235 1977 2312 2042 iit,
2356 1981 2606 2048 quaedam
2643 1982 2709 2036 de
2754 1982 3122 2053 Bithynarcha
3172 1986 3397 2052 ejusque
3457 1999 3552 2037 so-

1971 2058 2134 2112 lemni
2178 2061 2229 2113 in
2261 2064 2543 2133 metropoli
2576 2080 2855 2134 processu,
2901 2067 3131 2136 προόδῳ,
3159 2082 3277 2135 quae
3310 2068 3394 2121 vix
3424 2063 3554 2121 alibi

1972 2157 2231 2212 repertas.

2041 2228 2175 2281 lbid.
2207 2230 2764 2298 Βασιλεινούπολις.
2798 2233 2992 2290 Gravis
3023 2234 3128 2288 hac
3157 2233 3222 2286 de
3245 2233 3381 2287 urbe
3401 2247 3541 2287 con-

1976 2310 2147 2364 tentio
2177 2310 2317 2363 inter
2342 2310 2662 2366 Eunominm
2700 2314 3173 2370 Nieomedieusem
3221 2326 3273 2370 et
3317 2319 3553 2368 Anasta-

1972 2392 2110 2447 sinm
2139 2391 2414 2447 Nicaenum
2447 2395 2498 2447 in
2541 2395 2965 2451 Chalcedonensi
3006 2398 3107 2451 luit
3148 2397 3383 2467 Synodu,
3410 2405 3555 2448 ntro-

1972 2490 2075 2543 quc
2122 2476 2307 2531 urbem
2343 2478 2444 2531 sibi
2488 2491 2787 2534 asserente.
2824 2479 3027 2534 Prarter
3065 2481 3166 2533 alia
3225 2480 3553 2532 Anastasius

1974 2567 2107 2611 tom.
2130 2557 2196 2611 ΙΧ
2228 2574 2281 2626 p.
2306 2558 2394 2613 98:
2417 2559 2563 2626 Ἐγὼ
2582 2561 2636 2613 δὲ
2661 2562 2933 2632 δείκνυμι,
2958 2563 3149 2630 inquit,
3171 2560 3553 2613 Βασιλινοὺπο-

1971 2640 2053 2693 λιν
2083 2642 2171 2695 ἀεὶ
2219 2643 2324 2695 ὑπὸ
2370 2643 2605 2698 Νίκαιαν
2653 2647 2954 2715 γενομένην
2984 2661 2999 2675 ο
3033 2645 3128 2698 καὶ
3184 2644 3292 2714 γὰρ
3348 2643 3554 2714 ρεγεὼν

1970 2720 2038 2794 ἦν
2080 2723 2270 2794 αὐτῆς.
2316 2725 2501 2778 Ταῦτα
2544 2726 2609 2778 τὰ
2647 2726 3004 2797 βουλευτήρια
3048 2724 3155 2780 οἶδε
3190 2743 3205 2758 ο
3243 2729 3336 2779 καὶ
3384 2726 3552 2789 etme,

1973 2808 2077 2861 ὑπὸ
2120 2809 2241 2861 τίνα
2278 2805 2345 2879 ἦν
2390 2809 2851 2874 Βασιλινούπολις,
2889 2812 2937 2861 εἰ
2996 2811 3069 2881 μὴ
3104 2810 3309 2881 ρεγεὼν
3359 2805 3426 2879 ἦν
3453 2809 3555 2863 Νι-

1973 2893 2157 2954 καίας.
2199 2891 2310 2960 Ego
2339 2894 2608 2946 ostendam
2641 2891 3049 2961 Basilinopolim
3084 2899 3177 2946 sub
3205 2892 3391 2946 Nicwa
3423 2907 3555 2944 sem-

1971 2991 2064 3041 per
2090 2975 2253 3042 fuisse
2284 2991 2302 3029 :
2344 2993 2464 3028 nam
2497 2979 2636 3045 regio
2668 2976 2769 3043 fuit
2821 2977 2933 3044 ejus
2958 2993 2976 3030 :
3014 2980 3065 3029 id
3107 2978 3256 3029 curia
3304 2978 3462 3038 novit,
3501 2986 3553 3028 et

1974 3058 2115 3111 dicat
2167 3060 2335 3125 curia,
2365 3060 2458 3112 sub
2489 3078 2590 3129 quo
2622 3062 2721 3126 fuit
2769 3059 3172 3128 Basilinupolis,
3229 3062 3273 3112 si
3315 3059 3553 3126 nonfuit

1976 3142 2115 3209 regio
2140 3139 2361 3196 Nicazae.
2415 3143 2504 3196 Sic
2535 3155 2686 3197 vetus
2717 3145 3012 3209 interpres.
3048 3143 3179 3197 l’Ost
3234 3142 3355 3195 dein
3403 3141 3554 3206 plura

1976 3223 2029 3277 in
2061 3224 2201 3277 hanc
2235 3240 2347 3277 rem
2383 3224 2553 3288 addit,
2586 3235 2639 3279 et
2669 3225 2947 3279 Julianum
2981 3232 3076 3277 aut
3128 3225 3295 3277 alium
3325 3238 3390 3276 eo
3410 3224 3555 3276 auli-

1975 3308 2217 3375 quiorem
2244 3308 2645 3377 Basilinopnlim
2676 3311 2825 3362 nrhis
2848 3308 3107 3378 dignitate
3131 3321 3352 3361 ornasse
3377 3306 3560 3376 (βασι-

1974 3389 2101 3453 λεύς
2132 3407 2215 3453 τις
2241 3391 2551 3455 Ἰουλιανὸς,
2581 3392 2613 3462 ἢ
2646 3393 2745 3445 οὐκ
2766 3387 2881 3443 οἶδα
2917 3392 2999 3453 τίς
3024 3392 3129 3461 πρὸ
3149 3389 3338 3455 αὑτοῦ,
3369 3388 3557 3458 ἐποίη-

1978 3490 2068 3525 σεν
2094 3473 2264 3543 αὐτὴν
2295 3474 2494 3541 πόλιν),
2530 3490 2764 3544 eumque
2784 3489 2844 3528 ex
2882 3473 3062 3527 Nicara
3091 3474 3391 3539 sumpsisse
3424 3472 3554 3534 τοὺς

1975 3558 2533 3627 πραγματευομένους
2554 3600 2566 3619 ,
2598 3559 2856 3622 curiales,
2886 3568 2938 3612 el
2972 3555 3312 3623 Basilinupuli
3347 3556 3557 3609 consti-

1975 3639 2168 3705 tuisse,
2204 3642 2545 3709 valuisseque
2576 3642 2832 3709 deinceps
2852 3641 3307 3695 consuetudinem
3343 3648 3395 3691 ιιι
3420 3653 3556 3707 quo-

1978 3725 2079 3775 ties
2116 3721 2468 3791 Basilinopoli
2516 3723 2757 3777 curiales
2785 3725 3059 3787 deessent,
3087 3721 3264 3775 Nicma
3305 3737 3553 3775 arcesse-

1978 3815 2186 3861 rentur.
2226 3807 2267 3860 E
2296 3807 2494 3876 quibus
2524 3808 2819 3860 manifesto
2849 3815 3076 3874 apparet
3110 3806 3238 3857 olim
3279 3804 3553 3859 Basilino-

1977 3890 2123 3960 polin
2154 3890 2320 3943 fuisse
2339 3889 2537 3949 vicum,
2574 3898 2734 3957 atque
2759 3890 2911 3942 urbis
2938 3889 3153 3941 demum
3180 3888 3455 3956 privilegia
3486 3888 3554 3941 ab

1976 3972 2189 4028 Juliano
2214 3982 2305 4026 aut
2328 3973 2435 4026 alio
2474 3973 2667 4039 quovis
2699 3973 3021 4041 impetrasse
3048 3987 3062 4024 :
3093 3985 3424 4039 quamquam
3451 3985 3553 4040 ego

1980 4050 2258 4113 lulianum
2295 4055 2462 4111 fuisse
2488 4065 2695 4126 putem,
2741 4056 2831 4123 qui
2865 4055 3023 4108 matri
3058 4053 3307 4107 Basilinte
3333 4054 3557 4120 ejusque

1979 4140 2253 4195 memoria:
2299 4140 2348 4193 id
2405 4139 2636 4194 dederit.
2690 4137 2754 4190 Ἦ
2783 4136 3024 4189 Βιθυνῶν
3056 4136 3287 4190 Βαοίνου
3318 4136 3473 4199 πόλις
3502 4137 3553 4189 in

1979 4221 2150 4291 EpiSI.
2185 4220 2394 4292 Syncsii
2423 4220 2491 4275 66
2526 4236 2631 4274 non
2664 4220 2766 4273 alia
2799 4229 2902 4283 est,
2938 4228 2996 4272 ιιι
3021 4218 3412 4274 Abr.0rtelius
3435 4220 3558 4287 jure

1979 4307 2286 4376 suspicatus
2316 4315 2420 4370 est,
2450 4305 2590 4361 forte
2613 4306 2775 4359 etiam
2809 4319 2873 4358 ex
2928 4303 3322 4357 animadversis
3369 4317 3558 4355 emen-

1980 4391 2157 4446 danda
2193 4407 2207 4443 :
2246 4388 2656 4458 Basilinopolim
2703 4388 2846 4442 enim
2889 4395 3206 4441 constanter
3262 4385 3553 4456 appellant,

1980 4472 2268 4529 Liberatus
2300 4474 2462 4528 etiam
2502 4471 2769 4526 Diaconus
2802 4470 3043 4524 Breviar.
3087 4485 3137 4526 c.
3174 4471 3261 4524 l5.

2052 4556 2187 4611 Ibid.
2237 4558 2400 4621 Κίος.
2452 4556 2710 4609 Eamdem
2759 4568 2823 4609 ac
2858 4553 3172 4607 Prusiadem
3224 4566 3346 4606 esse
3398 4565 3557 4603 nemo

1983 4642 2236 4711 ignorat;
2288 4640 2391 4694 etsi
2435 4639 2579 4692 enim
2612 4638 2764 4693 ‘Cius
2810 4651 2952 4690 novo
3006 4651 3070 4689 eo
3127 4635 3347 4689 nomine
3399 4634 3559 4686 inerit

1983 4728 2202 4789 donata,
2228 4724 2444 4793 pristini
2469 4738 2599 4777 usus
2626 4731 2889 4791 perpetuo
2918 4719 3136 4785 mansit,
3158 4733 3264 4787 qua
3288 4718 3355 4772 de
3385 4732 3439 4769 rc
3456 4717 3557 4770 Ch.

1980 4809 2248 4865 Cellarius
2282 4806 2346 4861 G.
2370 4807 2435 4861 A.
2470 4822 2553 4869 Ill,
2578 4806 2609 4859 8
2639 4821 2691 4872 p.
2721 4805 2849 4857 285.

2056 4890 2189 4944 Ibid.
2230 4888 2525 4956 Ἀπάμεια.
2559 4887 2697 4941 Olim
2735 4886 2961 4955 Myt-lea,
2993 4894 3054 4938 ut
3090 4894 3288 4953 pra-ter
3334 4891 3562 4936 cmterus

1986 4974 2184 5029 Snidas
2208 4972 2260 5025 in
2297 4970 2700 5040 Ἀσκληπιάδης
2732 4969 2911 5022 docet.
2961 4968 3241 5021 Coloniam
3294 4964 3460 5019 fuisse
3490 4978 3558 5017 cx

1984 5056 2158 5112 Plinio
2194 5056 2291 5123 Ep.
2337 5071 2390 5119 π,
2442 5054 2511 5108 56
2559 5064 2611 5106 et
2650 5069 2711 5105 ex
2758 5052 2924 5105 Dione
2954 5052 3341 5119 Chrysostomo
3404 5045 3555 5099 Orat.

1986 5157 2095 5209 ιιι,
2122 5156 2173 5210 p.
2215 5139 2311 5193 501
2356 5153 2627 5207 nuntoque
2651 5136 2813 5190 Thes.
2848 5135 3049 5189 Britan.
3084 5145 3214 5187 tom.
3252 5130 3315 5193 ll,
3349 5145 3399 5197 p.
3431 5127 3555 5187 264,

1986 5236 2150 5293 atque
2181 5224 2324 5277 haud
2352 5222 2574 5276 multum
2603 5219 2776 5273 Prusa
2807 5218 2873 5271 ad
2903 5218 3215 5288 Olympum,
3240 5230 3357 5283 qum
3372 5222 3424 5266 et
3445 5212 3559 5279 ejus

1984 5315 2163 5374 portu,
2182 5307 2226 5360 si
2248 5304 2465 5372 quidem
2497 5303 2641 5358 nullo
2660 5302 2768 5357 alio
2796 5311 3000 5370 posset,
3038 5300 3111 5354 uti
3140 5298 3370 5362 solebat,
3395 5296 3561 5349 fuisse

1984 5389 2310 5457 disjunctam
2356 5402 2423 5441 ex
2454 5386 2691 5454 ejusdem
2730 5385 3110 5455 Chrysostomi
3173 5381 3327 5435 Orat.
3380 5395 3467 5442 XL,
3501 5395 3554 5443 p.

1984 5474 2094 5530 295
2136 5473 2411 5527 novimus.
2466 5472 2617 5526 Adde
2657 5486 2711 5540 p.
2768 5468 2874 5524 492
2931 5476 2985 5523 et
3043 5481 3164 5537 qure
3213 5464 3286 5519 ibi
3347 5463 3558 5518 Casau-

2226 5639 2490 5709 Προῦσα.
2535 5634 2743 5691 Plinius
2774 5636 2870 5690 lib.
2910 5634 2946 5689 1.
2979 5650 3034 5699 v,
3073 5649 3123 5688 c.
3158 5632 3283 5695 ult.,
3329 5631 3555 5685 Prusam

1987 5729 2087 5783 sub
2112 5726 2343 5799 Olympo
2374 5725 2443 5779 ab
2470 5723 2736 5778 Annibale
2764 5723 3037 5777 conditam
3070 5720 3348 5790 professus
3371 5729 3556 5787 repre—

1991 5814 2309 5871 hensionem
2346 5808 2602 5867 Salmasii
2631 5807 2684 5865 in
2718 5807 2960 5865 Solinum
2990 5820 3043 5878 p.
3074 5803 3197 5871 616,
3244 5802 3459 5859 Ccllarii
3485 5801 3546 5856 (ἱ.
