3980 6210
504 314 645 381 1147

501 435 568 488 Δ.
599 432 728 498 ιιι,8
748 450 798 502 p.
818 432 924 490 585
957 434 1307 491 commeritus
1337 444 1441 502 est,
1467 437 1606 492 haud
1624 438 1736 494 scio
1759 452 1826 492 an
1862 437 2082 508 injuria;

506 518 606 570 nisi
635 516 779 569 enim
808 518 984 581 fallor,
1024 517 1121 572 Dio
1153 519 1228 572 illi
1273 520 1709 587 patrocinabitur
1746 519 1897 576 Orat.
1953 537 2083 576 χιιι.

502 618 558 670 p.
592 602 716 656 511.
747 598 819 653 Εὖ
846 603 954 672 γὰρ
982 603 1115 668 ἴστε,
1145 604 1215 657 ait
1246 604 1627 668 Prusensibus,
1654 606 1736 659 ὃτι
1770 608 1832 660 οὐ
1854 607 2084 678 μεγίστη

505 685 613 737 τῶν
662 685 872 738 πόλεων
929 684 1225 753 οὖσα,οὺδὲ
1256 687 1510 740 πλεῖστον
1545 689 1735 759 χρόνον
1762 689 2085 758 οἰκουμένη,

502 767 717 821 πολλῶν
774 771 1171 840 γνωριμωτέρα
1211 771 1350 829 ὲστί.
1414 771 1471 825 Si
1503 774 1648 827 enim
1683 772 1851 827 I’rusa
1904 772 2113 826 Dioni!

505 860 667 906 aetate
730 853 1108 922 longissimum
1177 866 1391 923 tempus
1439 871 1545 909 non
1604 855 1771 910 fuerit
1816 854 2084 919 habitata,

508 936 695 1001 utique
728 937 914 988 verius
945 936 1062 1005 ejus
1093 936 1246 1006 origo
1286 937 1553 992 referetur
1588 940 1652 991 ad
1683 937 1929 993 Prusiam
1977 937 2090 990 Au-

505 1019 701 1073 nibalis
735 1021 995 1081 amicum,
1028 1035 1190 1089 quam
1222 1022 1288 1073 ad
1337 1019 1701 1090 antiquiorem
1740 1020 1905 1075 alium
1933 1040 1946 1074 :
1990 1021 2087 1075 Dio

505 1112 654 1155 certe
708 1101 750 1154 si
794 1101 917 1171 Cyri
971 1112 1131 1156 aetate
1194 1111 1526 1157 exstructam
1583 1110 1941 1165 autumasset,
1977 1119 2086 1158 non

506 1183 713 1239 infitias
769 1187 954 1239 ivisset
1014 1185 1264 1237 πλεῖστον
1320 1186 1515 1255 χρόνον
1567 1186 1734 1239 fuisse
1783 1184 1983 1239 cultam
2032 1195 2088 1240 et

504 1268 719 1322 civibus
778 1268 1197 1337 frequentatum.
1239 1268 1367 1322 Abit
1406 1267 1602 1322 Strabo
1661 1282 1762 1330 ιιιι,
1813 1283 1866 1336 p.
1898 1267 2001 1322 565
2033 1268 2085 1322 itt

506 1350 610 1404 alia
647 1350 828 1405 omnia
872 1359 925 1402 et
957 1363 987 1401 a
1017 1348 1221 1404 .Prusia
1250 1391 1266 1416 ,
1308 1350 1393 1404 cui
1443 1350 1646 1405 bellum
1707 1365 1831 1404 cum
1896 1350 2087 1405 Croeso

507 1434 628 1494 fuit,
662 1444 774 1499 aut,
806 1433 881 1486 uti
915 1430 1228 1499 Stephanus
1246 1433 1392 1502 legit,
1419 1448 1541 1486 cum
1574 1433 1739 1503 Cyro,
1791 1432 2084 1487 excitatam

503 1520 733 1573 a‘lirmat
765 1536 778 1570 :
833 1517 973 1587 quod
1003 1525 1210 1571 tantum
1246 1517 1446 1570 indicio
1476 1526 1560 1570 est
1597 1518 1663 1571 de
1703 1517 1853 1572 urbis
1877 1518 2088 1586 origine

502 1606 768 1655 variatum
807 1600 976 1654 fuisse
1001 1600 1305 1655 sententiis.
1337 1599 1474 1666 Quin
1520 1600 1561 1653 si
1592 1598 1846 1655 Palmerii
1878 1603 2089 1670 opinio-

503 1700 625 1738 nem
647 1684 890 1751 sequaris
909 1691 1072 1752 atque
1100 1682 1151 1736 in
1171 1681 1437 1737 Strabone
1460 1691 1514 1736 et
1535 1683 1812 1750 Stephano
1836 1683 1930 1736 τοῦ
1951 1685 2088 1756 πρὸς

503 1767 704 1837 Κίερον
746 1766 1159 1835 πολεμήσαντος
1199 1764 1364 1836 legas,
1409 1762 1666 1821 Straboni
1696 1774 1750 1821 et
1772 1764 1943 1822 Plinio
1990 1783 2087 1836 op-

506 1852 636 1905 time
676 1849 962 1904 conveniet
992 1865 1008 1908 ;
1038 1847 1259 1902 Prusias
1288 1847 1433 1902 enim
1463 1847 1720 1912 Claudus,
1772 1864 1931 1918 quem
1963 1849 2086 1904 Cie-

504 1949 624 1987 rum
660 1946 953 2002 occupasse
1005 1940 1061 1985 et
1109 1929 1426 1984 Prusiadetn
1488 1931 1785 1998 appellasse
1837 1930 2084 1988 Memnon

504 2033 557 2072 c.
585 2032 713 2071 χχιχ
740 2014 995 2086 prodidit,
1027 2012 1381 2067 Hannibaleut
1408 2013 1642 2082 hospitio
1662 2014 1897 2083 excepit.
1953 2014 2009 2068 Id
2039 2015 2084 2069 si

505 2105 667 2165 nolis,
695 2112 754 2154 ut
774 2100 877 2169 ego
905 2114 1038 2153 sane
1066 2112 1322 2167 sprevero
1353 2116 1367 2152 :
1404 2114 1581 2167 neque
1609 2100 1755 2153 enim
1815 2098 2086 2156 credibile

505 2197 587 2243 est
623 2185 988 2256 geographum
1019 2181 1266 2237 Prusiam
1304 2181 1521 2251 signare
1543 2191 1598 2234 et
1623 2181 1691 2235 ab
1718 2181 1841 2236 aliis
1869 2182 2084 2238 discer-

506 2285 636 2324 nere
665 2283 730 2323 ex
757 2267 898 2323 bello
934 2281 1055 2321 cum
1091 2264 1313 2334 ignobili
1342 2264 1561 2333 oppido,
1596 2266 1817 2334 etquod
1855 2266 1909 2321 iu
1948 2267 2086 2323 alte-

462 2368 464 2371 ·
506 2354 621 2407 rius
646 2352 852 2406 ditione
886 2358 1027 2413 erat,
1069 2348 1335 2417 cujusque
1361 2362 1627 2418 nusquam
1665 2356 1925 2417 praeterea
1967 2365 2086 2406 tue-

506 2437 686 2498 minit,
718 2445 889 2505 gesto,
919 2432 1173 2488 voluisse.
1199 2429 1315 2486 Huc
1334 2430 1470 2486 adde
1493 2446 1523 2486 a
1550 2430 1817 2488 Strabone
1837 2433 2083 2490 Prusiam

500 2521 598 2590 qui
632 2519 769 2575 bello
794 2516 1043 2573 Crassum
1083 2514 1433 2585 oppugnavit,
1457 2515 1795 2584 apertissime
1821 2518 2086 2590 distingui

503 2604 573 2657 ab
596 2618 661 2658 en
692 2601 882 2656 Prusia
914 2600 1008 2670 qui
1067 2596 1419 2651 Hannibalem
1481 2597 1717 2651 amicitia
1769 2599 2088 2669 complexus

506 2700 590 2745 est
624 2706 640 2753 ;
697 2703 726 2742 a
758 2701 864 2757 quo
902 2686 1150 2739 diversus
1181 2695 1287 2735 non
1320 2681 1446 2743 erit,
1510 2681 1555 2734 si
1592 2680 1693 2735 viri
1730 2680 1871 2736 docti
1901 2674 2087 2754 conje-

507 2782 664 2826 ctura
699 2771 897 2822 valeat.
931 2769 1001 2819 At
1028 2764 1157 2819 nulli
1184 2778 1340 2834 reges
1371 2762 1641 2834 Bithynia:
1669 2764 1843 2822 Croesi
1870 2766 2088 2826 fuerunt

507 2863 794 2922 tempore:
835 2856 1015 2904 tacent
1081 2848 1226 2902 enim
1296 2845 1601 2901 Herodotus
1646 2856 1701 2902 et
1759 2847 2085 2922 Xenophon.

506 2940 747 3007 Quorum
795 2934 1072 2991 silentium
1116 2930 1217 2986 etsi
1257 2945 1514 3000 agnosco,
1550 2945 1744 2987 vereor
1794 2942 1973 2990 tamen
2027 2948 2087 2994 ut

508 3031 657 3077 recte
694 3019 817 3075 inde
843 3027 1066 3087 cagatur
1089 3015 1266 3072 nullos
1293 3014 1542 3087 Bithynis
1567 3014 1733 3072 fuisse
1759 3025 1873 3072 tum
1897 3034 2082 3090 reges:

504 3123 631 3162 nam
661 3120 780 3175 qua:
811 3102 1059 3157 Memnon
1087 3116 1138 3155 c.
1156 3116 1246 3155 ut
1270 3099 1337 3154 de
1371 3097 1602 3170 Dydalso
1622 3099 1873 3158 etBotira
1896 3103 2084 3171 refert,

504 3207 565 3243 ea
611 3189 741 3242 mihi
787 3187 853 3241 ad
907 3183 1286 3255 Xenophontis
1337 3189 1553 3238 aetatem
1607 3186 1902 3241 escendere
1928 3202 2087 3256 posse

508 3272 797 3336 videntur;
842 3279 896 3324 et
951 3283 1076 3321 cum
1134 3266 1339 3334 primos
1391 3266 1569 3334 gentis
1596 3280 1692 3321 eos
1725 3282 1880 3338 reges
1917 3268 2087 3328 fuisse

506 3371 613 3409 non
640 3362 873 3417 constet,
910 3350 1037 3419 quid
1061 3358 1204 3403 vetat
1223 3349 1360 3403 alios
1389 3349 1494 3402 illis
1518 3349 1728 3418 priores
1759 3351 2089 3409 admittere?

504 3439 685 3507 Atque
739 3436 827 3491 Itis
882 3433 1158 3488 ﬁrmandis
1184 3432 1488 3500 Appianum
1540 3430 1845 3487 Mithridat.
1881 3450 1934 3503 p.
1980 3437 2087 3491 297

505 3525 853 3584 advocarem,
896 3516 999 3569 nisi
1040 3514 1358 3579 ampliorem
1393 3514 1463 3579 is,
1499 3514 1567 3567 ab
1600 3514 1787 3567 eodem
1817 3514 2087 3576 Palmerio

500 3602 747 3658 Exercit.
784 3615 840 3670 p.
872 3594 973 3651 156
1000 3596 1052 3649 in
1076 3595 1237 3648 aliam
1271 3595 1498 3648 formam
1541 3603 1799 3663 mutatus,
1835 3613 2087 3670 campum

501 3683 827 3756 postularet.
863 3679 1046 3748 Itaque
1075 3677 1391 3746 praestiterit
1430 3677 1805 3748 discrepantes
1828 3679 1984 3738 Plinii
2031 3694 2088 3740 et

499 3765 794 3823 Strabonis
824 3764 889 3819 de
920 3761 1104 3818 Prusae
1152 3760 1308 3816 initio
1334 3758 1619 3829 opiniones
1650 3770 1702 3816 et
1732 3763 1836 3819 sibi
1868 3776 2086 3824 contra-

504 3851 614 3907 rias
639 3850 805 3904 fuisse
836 3847 1099 3918 profiteri.

573 3934 694 3991 Col.
722 3932 840 3987 Mt).
859 3929 1201 3999 Καισάρεια.
1220 3929 1280 3983 In
1302 3927 1421 3983 Vita
1444 3926 1643 3984 Niceta':
1666 3930 1960 4003 IIegumeni
1981 3951 2032 3992 c.
2056 3939 2082 3994 1

503 4016 813 4087 Καισάρεια
846 4014 946 4083 τῆς
973 4012 1247 4075 Βιθυνίας.
1280 4010 1419 4066 Urbs
1447 4011 1590 4067 haud
1640 4030 1831 4083 magna
1881 4030 1999 4073 erat
2030 4020 2083 4075 in

502 4102 688 4156 Prusae
712 4099 930 4153 vicinia.
953 4098 1049 4151 Dio
1070 4098 1497 4166 Cltrysostomus
1522 4094 1677 4153 Orat.
1708 4115 1854 4155 scvu
1888 4117 1942 4170 p.
1980 4104 2085 4160 526

505 4193 786 4254 postquam
819 4182 886 4237 de
916 4179 1432 4236 Nicomediensibus
1466 4188 1519 4232 et
1551 4178 1785 4235 Nicmnis
1818 4199 1924 4237 non
1945 4188 2085 4240 mul-

506 4279 621 4321 tum
656 4266 820 4322 Prusa
838 4264 1122 4331 disjunctis
1136 4263 1381 4327 dixisset,
1401 4262 1526 4323 τοὺς
1543 4264 1864 4335 Καισαρεῖς,
1889 4267 2082 4339 inquit,

502 4348 724 4413 τούτους
746 4349 986 4416 εὐγενεῖς
1020 4347 1116 4417 μὲν
1143 4344 1465 4415 ἀνθρώπους
1500 4343 1593 4398 καὶ
1640 4347 1844 4421 σφόδρα
1885 4351 2085 4424 Ἕλλη..

506 4449 624 4497 νας,
653 4431 788 4486 πολὺ
815 4432 872 4485 δὲ
897 4429 1230 4501 μικροτέραν
1258 4428 1541 4491 οἰκοῦντας
1564 4428 1736 4484 πόλιν.

578 4512 715 4570 Ibid.
761 4514 1186 4581 Ἃπολλωνιὰς.
1223 4510 1413 4567 Scribe
1442 4512 1800 4568 Ἀπολλωνία.
1832 4512 2086 4586 Intelligi-

505 4612 594 4656 tur
622 4588 781 4669 hujus
826 4599 1060 4654 nominis
1113 4598 1243 4652 urbs
1268 4602 1332 4651 ad
1358 4594 1737 4665 Rhyndacum,
1762 4612 1882 4666 quae
1909 4600 1961 4655 in
2006 4606 2085 4657 Ia-

503 4684 627 4755 pide
659 4682 837 4746 LVIII,
865 4697 1025 4752 quem
1060 4679 1287 4750 Prwfat.
1333 4679 1568 4748 Append.
1602 4677 1942 4748 Inscription.
1970 4684 2083 4740 Gn-

503 4768 651 4824 dian.
675 4766 770 4824 Fr.
802 4763 1080 4821 Hesselius
1111 4764 1370 4834 vulgavit,
1397 4764 1431 4833 ἡ
1472 4761 1917 4821 Ἀπολλωνιατῶν
1948 4769 2085 4842 πρὸς

501 4853 597 4908 τὸν
639 4849 932 4905 Ῥυνδακὸν
980 4849 1134 4911 πόλις
1186 4846 1403 4902 dicitur.
1461 4846 1611 4902 Adde
1644 4845 1996 4906 Plutarchum
2030 4855 2081 4909 in

502 4936 724 4993 Lucullo
754 4951 806 5004 p.
830 4933 934 4992 498
956 4942 1013 4989 et
1031 4930 1358 4988 Tournefort
1394 4928 1567 5001 Epist.
1604 4946 1715 4986 xxtt
1738 4949 1786 5000 υ.
1820 4933 1944 4990 192.
1976 4935 2077 4992 Est

503 5022 558 5075 in
597 5019 830 5076 concilio
870 5017 1282 5084 Constantinop.
1337 5015 1499 5068 tertio
1529 5029 1581 5081 p.
1618 5013 1725 5069 502
1761 5016 2083 5075 Anastasius

502 5103 792 5174 episcopus
842 5099 1212 5155 Θεοτοκιανῶν
1244 5099 1453 5162 πόλεως
1493 5097 1613 5169 1ίγιτοι
1652 5098 2083 5165 Ἀπολλωνιάδος

500 5192 604 5260 τῆς
630 5187 873 5243 Βιθυνῶν
926 5185 1217 5257 ἐπαρχίας,
1248 5188 1335 5252 qui
1371 5182 1648 5252 vulgatum
1678 5185 1843 5239 etiam
1887 5186 1940 5240 in
1981 5203 2080 5244 usu

503 5273 671 5328 fuisse
707 5278 952 5326 testatur.
1008 5268 1163 5323 Adde
1216 5265 1488 5320 Nicasnum
1528 5266 1821 5320 secundum
1866 5284 1919 5339 p.
1952 5269 2081 5326 555.

573 5354 711 5410 Ibid.
765 5351 1128 5407 Δασκύλιον.
1182 5348 1440 5419 Dascylos
1474 5347 1625 5403 Mela:
1657 5366 1696 5415 ι,
1740 5348 1827 5415 18,
1871 5353 2083 5410 cmteris

502 5454 626 5494 cum
660 5446 845 5493 nostro
878 5434 991 5490 fere
1022 5431 1515 5488 consentientibus.
1548 5434 1588 5486 A
1631 5431 1855 5503 Dascyle
1882 5433 2082 5490 dictam

502 5521 690 5577 volunt
719 5520 980 5590 plerique,
1004 5532 1033 5570 a
1057 5517 1158 5572 loci
1182 5515 1398 5585 ingenio
1427 5516 1500 5569 Is.
1532 5514 1754 5571 Vossius
1770 5517 1836 5570 ad
1862 5516 2077 5583 Melam,

504 5617 667 5669 quem
684 5602 824 5657 vide.
857 5599 1097 5672 Dascylae
1121 5610 1332 5654 servata
1364 5598 1621 5653 memoria
1652 5608 1756 5664 est,
1780 5609 1836 5654 ut
1861 5598 2086 5656 IIolstei-

508 5683 631 5736 nius
672 5680 972 5747 admonuit,
1028 5683 1082 5737 in
1128 5680 1302 5751 epigr.
1359 5681 1653 5737 Alexandri
1703 5680 1893 5748 IEtoli,
1942 5684 2084 5752 quod

508 5761 679 5817 multo
734 5766 1030 5820 correctius
1084 5780 1243 5836 quam
1273 5764 1411 5835 apud
1451 5762 1796 5822 Plutarchum
1852 5765 2083 5836 leo-itur,

1562 325 1944 388 ADDENDA.
1991 352 2059 362 -
2094 328 2162 389 P.
2200 328 2713 390 WESSELINGII

3650 333 3773 397 1143

2203 436 2498 492 Salmasius
2542 439 2593 491 in
2634 438 2879 492 Salinum
2915 453 2966 505 p.
3004 439 3111 494 580
3161 439 3416 509 vulgavit.
3472 440 3573 496 Sic
3641 447 3770 502 enim

2197 520 2439 574 Alcman.
2465 538 2477 575 :
2508 521 2616 573 Καὶ
2644 521 2865 584 Μούσας
2901 522 3064 590 ἐδάην
3109 522 3478 589 Ἑλικωνίδας,
3513 527 3581 579 αἴ
3602 546 3773 597 μετυ.

2199 603 2621 680 ράννωνθθῆκαν
2652 603 2943 659 Δασκύλεω
2996 606 3222 675 μείζονα
3259 610 3354 661 καὶ
3398 608 3619 677 Γύγεω.
3674 614 3776 667 Erit

2197 697 2374 741 tamen
2434 687 2675 757 Dascylze
2729 689 2933 743 mentio
2968 689 3053 744 hic
3080 691 3443 757 incommoda,
3487 694 3536 748 si
3601 695 3768 750 valeat

2198 770 2555 823 eruditissimi
2584 770 2810 824 Bentleii
2834 771 3236 828 animadversio
3270 775 3322 828 in
3346 773 3563 830 Horatii
3593 779 3694 832 0d.
3720 796 3771 843 ιι,

2192 851 2263 906 47
2294 868 2309 905 :
2346 866 2521 920 neque
2548 852 2692 906 enim
2718 862 3008 924 tyrannum
3037 856 3324 926 Dascyleu,
3356 857 3528 927 Gygis
3548 869 3768 928 patrem,

2194 934 2382 1002 fuisse,
2441 936 2535 991 sed
2583 938 2879 1006 privatum,
2942 948 3355 1010 proptereaque,
3410 944 3517 997 nisi
3575 948 3769 999 auctod

2195 1018 2374 1087 pmius
2399 1033 2643 1075 errorem
2665 1036 2826 1090 quam
2850 1020 3090 1076 librariis
3112 1024 3404 1095 impingas,
3443 1026 3771 1080 Κανδαύλεω

2194 1102 2498 1171 scripsisse,
2533 1114 2681 1160 certe
2733 1103 2979 1160 scribere
3010 1105 3286 1161 debuisse.
3319 1110 3387 1160 At
3421 1109 3557 1176 quid
3588 1110 3635 1162 si
3658 1110 3770 1165 Ale-

2194 1187 2404 1240 xander
2431 1203 2535 1242 non
2567 1188 2730 1242 fuerit
2759 1196 2980 1243 secutus
3003 1187 3263 1244 Herodoti
3312 1190 3378 1243 de
3408 1189 3566 1261 Gyge
3591 1207 3769 1244 narra-

2198 1267 2417 1336 tionem,
2470 1271 2562 1327 sed
2624 1270 2895 1325 Plutarchi
2931 1271 2983 1325 itt
3021 1270 3401 1342 Ἐλληνικοῖςῖ
3430 1290 3555 1342 qua:
3596 1276 3768 1344 utique

2197 1358 2457 1425 majorem
2488 1360 2599 1414 veri
2626 1362 2874 1416 umbram
2906 1376 3017 1428 pra:
3055 1376 3116 1417 se
3152 1362 3277 1419 fert.
3327 1363 3470 1430 Quid
3526 1365 3572 1417 si
3604 1366 3763 1418 etiam

2195 1440 2360 1495 alium
2396 1443 2672 1513 Dascylem
2718 1457 2781 1498 ac
2812 1442 2979 1514 Gygis
3011 1455 3218 1513 patrem
3258 1447 3629 1507 spectaverit?
3672 1445 3771 1499 Da-

2196 1524 2382 1595 st-ylen
2420 1523 2698 1588 Periaudi,
2731 1540 2758 1578 a
2781 1541 2888 1595 quo
2906 1525 3212 1598 Dascylium
3242 1525 3405 1581 fuerit
3427 1529 3766 1597 appellatum,

2197 1619 2457 1662 memorat
2498 1608 2829 1679 Stephanus,
2871 1618 3035 1677 atque
3079 1609 3323 1679 ejusdem
3364 1610 3600 1665 nominis
3632 1609 3767 1664 Tan-

2198 1689 2287 1743 tall
2314 1689 2479 1744 filium
2502 1692 2821 1747 scholiastes
2850 1692 3114 1761 Apollonii
3153 1708 3214 1757 ιι,
3250 1693 3356 1746 725
3385 1702 3438 1749 et
3466 1694 3599 1748 751.

2263 1772 2400 1828 Ibid.
2451 1774 2900 1844 Νεοκαισάρεια.
2953 1773 3082 1843 Ejus
3132 1776 3329 1843 praesul
3357 1776 3766 1842 Cortstautinop.

2198 1856 2357 1909 tertio
2397 1872 2451 1925 p.
2483 1856 2586 1911 668
2616 1858 3044 1929 Νεοκαισαρέων
3080 1858 3181 1926 τῆς
3208 1858 3465 1921 Βιθυνίας
3521 1866 3765 1912 vocatur.

2195 1937 2381 1994 Ariste
2412 1940 2669 2011 deinceps
2701 1943 2849 1998 dicta
2891 1951 2998 2008 est,
3029 1950 3087 1996 ut
3129 1941 3263 1997 Acta
3307 1941 3512 1997 Metui
3541 1942 3767 1998 secundi

2195 2037 2251 2092 p.
2282 2022 2388 2077 555
2415 2024 2665 2077 ἰιιιιιιιιιιι.

2264 2104 2399 2160 Ibid.
2441 2104 2758 2174 Ἀδριανοί.
2802 2104 3015 2160 Nummi
3044 2105 3339 2177 Ἀδριανῶν
3374 2105 3511 2175 πρὸς
3544 2107 3768 2176 Ὀλυμ-

2195 2204 2295 2241 πον
2354 2187 2544 2243 urbem
2600 2188 2830 2259 Olympo
2885 2189 3055 2243 monti
3099 2190 3371 2246 assedisse
3431 2193 3760 2255 ostendunt;

2195 2286 2354 2341 quam
2401 2271 2658 2328 Aristidis
2706 2272 2937 2342 patriam
3005 2287 3199 2343 magna
3248 2274 3525 2342 diligentia
3565 2277 3763 2328 exami-

2194 2354 2364 2418 navit,
2419 2365 2662 2411 veterum
2715 2357 3041 2425 scriptorum
3067 2357 3202 2412 locis
3229 2359 3283 2411 in
3322 2359 3611 2414 consilium
3644 2361 3763 2414 mis-

2193 2435 2292 2501 sis,
2320 2434 2406 2491 Jo.
2440 2435 2678 2493 Masson.
2720 2437 2824 2492 Vit.
2861 2436 3114 2494 Aristidis
3147 2456 3230 2505 ιιι,
3252 2441 3286 2497 5
3307 2453 3413 2496 etc.
3435 2439 3627 2512 Oppidi
3654 2442 3762 2510 epi-

2192 2535 2391 2589 scopus
2419 2521 2754 2591 Nicephorus
2782 2534 2925 2591 saepe
2959 2523 3009 2576 in
3048 2521 3269 2579 Nirteuo
3292 2526 3536 2579 secundo
3560 2524 3761 2587 πόλεως

2193 2602 2508 2673 Ἀδρανοῦς,
2545 2613 2603 2656 ιιι
2629 2619 2683 2672 p.
2708 2604 2770 2658 51
2801 2616 2856 2660 et
2902 2605 3030 2673 572,
3084 2607 3303 2671 dicitur,
3367 2610 3565 2664 rectius
3602 2608 3760 2661 David

2192 2684 2489 2754 Ἀδριανῶν
2519 2685 2774 2741 Chalced.
2802 2696 2932 2742 tom.
2971 2686 3063 2753 IX,
3098 2705 3153 2759 p.
3185 2690 3309 2744 176.

2180 2823 2185 2828 ,
2261 2767 2397 2823 Ibid.
2441 2769 2866 2839 Ῥεγετατάϊος.
2902 2771 3052 2826 lianc
3068 2784 3123 2826 et
3142 2789 3264 2843 qure
3286 2777 3538 2844 sequitur
3580 2777 3760 2845 Ῥετὲ-

2192 2851 2357 2924 δωρις
2388 2851 2464 2923 (id
2499 2855 2643 2908 enim
2677 2869 2860 2909 verum
2894 2869 3088 2909 nomen
3119 2858 3333 2927 opiner)
3362 2860 3426 2912 ad
3476 2859 3608 2914 Itin.
3638 2860 3761 2914 Hie-

2195 2952 2300 2991 ros.
2360 2952 2415 3006 p.
2447 2936 2552 2992 575
2580 2938 2792 2992 abunde
2831 2938 3239 2995 illustravimus.
3294 2940 3487 2996 Restat
3544 2955 3601 2997 ut
3641 2946 3762 3013 quid

2197 3020 2323 3091 ρεγέ
2348 3021 2480 3076 velit
2505 3036 2834 3091 quaeramus.
2872 3020 3114 3092 Utraque
3144 3026 3352 3079 mansio
3378 3027 3431 3080 in
3460 3026 3496 3081 I.
3533 3027 3639 3083 ll9
3667 3028 3763 3083 Th.

2195 3104 2262 3160 de
2291 3102 2607 3171 Decurion.,
2637 3106 2806 3161 altera
2832 3111 3055 3163 mutatio
3101 3109 3377 3169 itinerario
3415 3109 3488 3165 ll.
3519 3111 3720 3166 dicitur
3747 3130 3763 3166 :

2195 3190 2339 3244 unde
2365 3188 2590 3258 colligas
2634 3190 2868 3247 nominis
2899 3192 3184 3263 utriusque
3202 3193 3417 3249 initium
3435 3195 3767 3251 mansionem

2194 3273 2442 3328 vicumve
2471 3283 2680 3329 notare.
2746 3273 2899 3342 Quod
2946 3276 3147 3332 clarius
3198 3279 3421 3346 patebit,
3450 3279 3495 3333 si
3538 3293 3663 3333 eam
3703 3295 3766 3333 es

2196 3357 2408 3429 ρεγεὼν
2429 3358 2807 3413 detruncatam
2832 3360 3304 3425 animadverteris,
3328 3376 3431 3430 qua
3468 3376 3600 3417 voce
3621 3362 3767 3417 vicos

2193 3451 2249 3496 et
2281 3441 2420 3504 loca,
2441 3455 2563 3510 quae
2593 3440 2726 3496 urbe
2752 3451 2878 3497 sunt
2909 3443 3121 3497 minora
3153 3450 3309 3511 atque
3353 3442 3618 3497 inferiora
3659 3444 3766 3500 No—

2196 3523 2348 3587 titize,
2380 3532 2436 3577 ut
2458 3523 2547 3577 illa
2576 3522 2695 3579 Jac.
2722 3522 2882 3579 Goari
2919 3539 2972 3595 p.
3003 3525 3131 3591 565,
3154 3526 3364 3592 signare
3384 3526 3579 3581 solent.
3612 3526 3768 3582 Idem

2195 3606 2329 3661 citra
2361 3605 2585 3661 dubium
2630 3604 2788 3662 faciet
2821 3607 3143 3663 Anastasius
3182 3609 3374 3676 praesul
3400 3609 3681 3673 Nicaanus,
3714 3611 3767 3664 in

2195 3688 2520 3744 Chalcedon.
2572 3688 2800 3745 concilio
2833 3697 2964 3743 tom.
3007 3688 3103 3754 IX,
3157 3705 3210 3758 p.
3237 3690 3308 3746 98
3352 3691 3421 3747 de
3458 3690 3679 3746 Tattaio
3714 3701 3768 3745 et

2195 3771 2393 3826 Doride
2415 3772 2529 3826 haec
2554 3773 2796 3841 profatus
2818 3791 2832 3827 :
2865 3772 3077 3842 Ὥσπερ
3094 3774 3359 3837 Ταττάῖος
3377 3775 3471 3826 καὶ
3488 3775 3667 3845 Δωρὶς
3681 3779 3768 3843 ῥε-

2193 3854 2401 3923 γεῶνές
2435 3856 2574 3907 εἰσιν
2605 3854 2708 3908 ὑπὸ
2735 3853 2834 3925 τὴν
2866 3855 3123 3920 Νίκαιαν,
3164 3855 3336 3919 οὕτως
3356 3852 3423 3927 ἦν
3453 3857 3560 3925 πρὸ
3580 3857 3761 3910 τούτου

2195 3939 2291 3992 καὶ
2346 3936 2789 4001 Βασιλινούπολις
2856 3937 2962 3991 imo
3014 3937 3112 4008 τὴν
3166 3939 3424 3995 Νίκαιαν.
3473 3938 3764 4008 Utramque

2195 4020 2438 4092 ρεγεῶνα
2470 4023 2585 4076 sive
2608 4020 2785 4076 vicum
2817 4031 3131 4090 nuncupat;
3164 4033 3221 4077 et
3250 4039 3372 4077 cum
3415 4024 3601 4093 paullo
3644 4033 3766 4092 post

2195 4106 2261 4160 de
2291 4103 2635 4172 Basilinopoli
2685 4104 2841 4175 καὶῆ
2882 4103 3152 4176 πρότερον
3220 4105 3358 4159 οὖσα
3395 4105 3618 4178 ρεγεὼν,
3661 4109 3762 4171 ait.

2194 4188 2355 4243 πάλιν
2414 4186 2551 4258 μετὰ
2578 4186 2753 4241 ταῦτα
2780 4187 3001 4257 ἐγένετο
3028 4188 3210 4256 πόλις,
3236 4191 3570 4258 apertissime
3592 4190 3766 4259 signi-

2192 4270 2321 4325 ﬁcat
2345 4285 2410 4323 eo
2435 4284 2496 4326 se
2541 4269 2804 4325 vocabulo
2829 4272 3009 4326 locum
3042 4271 3193 4325 urbis
3219 4273 3570 4341 amplitudine
3593 4283 3652 4329 et
3681 4274 3766 4327 di-

2193 4355 2399 4427 gnitate
2430 4352 2598 4408 multo
2630 4354 2895 4408 minorem
2936 4355 3260 4424 intelligere.
3292 4355 3456 4410 Dicta:
3477 4370 3654 4410 autem
3689 4372 3769 4412 re-

2194 4439 2382 4507 giones
2433 4437 2626 4492 Nicaaae
2669 4437 2939 4503 videntur,
2994 4437 3137 4507 quo'd
3198 4437 3316 4506 ejus
3361 4439 3767 4509 magistratibus

2195 4522 2369 4588 ibijus
2395 4522 2603 4578 dicendi
2630 4532 2683 4576 et
2709 4524 2993 4577 coercendi
3016 4533 3161 4578 esset
3195 4524 3424 4579 facultas
3452 4542 3467 4579 :
3506 4522 3767 4592 Regiones

2192 4604 2440 4669 dicimus,
2469 4603 2686 4658 Siculus
2734 4602 2963 4659 Flaccus
3017 4606 3085 4660 de
3135 4607 3268 4674 Agr.
3301 4606 3599 4660 condition.
3637 4621 3691 4675 p.
3740 4606 3761 4659 1

2195 4687 2386 4757 inquit,
2433 4687 2576 4740 intra
2607 4702 2834 4757 quorum
2876 4685 3009 4753 lines
3058 4687 3390 4757 singularum
3436 4687 3765 4741 coloniarum

2192 4782 2282 4824 aut
2314 4760 2720 4840 municipiorum
2754 4770 3152 4839 magistratibus
3208 4771 3302 4845 ,ἔξω
3331 4772 3562 4825 Ιάξσίηάἱ
3620 4788 3767 4826 cocto

2192 4856 2447 4925 cendiqne
2474 4865 2551 4907 est
2576 4854 2739 4906 libera
2773 4862 3002 4921 potestas

2263 4936 2400 4992 Ibid.
2465 4937 2759 5004 Ἐπαρχία
2799 4935 3178 5004 Ὀνωριάδος.
3237 4935 3402 4991 Facta
3460 4937 3577 4991 haec
3632 4947 3685 4990 et
3735 4954 3764 4991 a

2192 5018 2441 5090 Bithynia
2467 5018 2705 5072 abscissa
2729 5026 2813 5072 est
2848 5020 3123 5087 provincia
3150 5036 3177 5072 ιι
3212 5018 3513 5073 Theodosio
3532 5023 3769 5075 secundo

2191 5102 2620 5171 cognomineque
2653 5100 2830 5168 patrui
2869 5099 2986 5170 ejus
3016 5101 3237 5157 donata.
3273 5100 3358 5156 .Io.
3389 5101 3581 5156 Malala
3634 5115 3767 5156 tom.

2191 5184 2254 5247 Il,
2281 5200 2332 5251 p.
2362 5182 2431 5238 69
2465 5199 2480 5236 :
2529 5182 2786 5252 Ἐποίησε
2830 5181 2888 5235 δέ
2912 5183 3007 5237 καὶ
3049 5184 3215 5255 ἄλλην
3239 5185 3532 5257 ἐπαρχίαν,
3559 5190 3770 5254 ἀπομε-

2196 5267 2349 5339 ρίσα;
2378 5266 2486 5320 ἀπὸ
2505 5267 2603 5338 τῆς
2627 5265 2902 5330 Βιθυνίας,
2929 5265 3122 5338 ἥντινα
3150 5267 3411 5321 ἐκάλεσεν
3445 5269 3769 5340 Ὀνεωριὰδα,

2194 5351 2272 5411 εἱς
2301 5350 2471 5421 ὄνομα
2519 5350 2613 5404 τοῦ
2655 5348 2820 5403 αὑτοῦ
2875 5348 3023 5402 Θείου
3053 5349 3339 5421 ὐνωρίου,
3391 5351 3515 5415 δοὺς
3560 5353 3773 5406 δίκαιον

2196 5433 2583 5503 μητροπόλεως
2632 5431 2725 5486 καὶ
2782 5431 3021 5503 ἄρχοντα
3085 5432 3406 5506 Ἡρακλείᾳ,
3464 5436 3621 5488 πόλει
3670 5438 3773 5504 τῆς

2193 5514 2420 5568 Πόντου.
2464 5514 2565 5581 Qui
2604 5525 2782 5569 tamen
2839 5513 3066 5582 fallitur,
3110 5529 3233 5571 cum
3295 5515 3612 5573 Ileracleam
3656 5531 3771 5570 mc-

2190 5599 2426 5676 tropoliu
2455 5607 2692 5652 creatam
2719 5598 2955 5652 affirmat
2990 5616 3005 5656 :
3045 5614 3111 5654 ea
3141 5600 3287 5654 enim
3316 5600 3582 5670 dignitate
3603 5600 3775 5654 Clark

2195 5684 2423 5752 dinpolis
2452 5682 2679 5751 insignis
2714 5681 2835 5745 fuit,
2866 5682 2940 5736 uti
2976 5680 3088 5738 Leo
3143 5684 3441 5753 imperator
3486 5687 3538 5738 in
3592 5683 3775 5752 Epist.

2201 5776 2328 5823 tum.
2362 5765 2431 5822 IX
2460 5767 2665 5825 COIIL‘II.
2701 5784 2752 5838 p.
2778 5766 2881 5824 9.67
2913 5775 2987 5841 _ct
3021 5764 3361 5826 Justiniauus
3410 5767 3639 5827 Novella
3676 5768 3776 5835 i9,
