3980 6210
1206 126 1227 167 \

236 355 372 415 ll’I-LI

231 486 333 538 qua
364 468 687 524 IIonoriadis
731 470 933 525 abolito
963 472 1177 527 nomine
1232 473 1515 528 Provincia
1558 477 1670 531 haec
1698 477 1798 532 Pa-

230 556 530 625 phlagonize
559 558 838 612 actissime
871 560 1233 625 connectitur,
1268 560 1593 615 docuerunt.

297 637 413 695 Col.
446 640 569 694 “9.
619 640 1086 709 Κλαυδιὸπολις.
1114 644 1374 715 Bithyniae
1390 644 1588 712 passim
1612 646 1812 700 contri-

228 723 408 776 buitur
452 740 480 777 a
515 724 805 779 Ptolemaro
838 724 1042 780 Galeuo
1080 738 1245 790 atque
1273 728 1433 791 aliis;
1465 731 1605 795 quod
1641 745 1809 797 quare

226 804 428 859 fictum
451 807 545 872 sit,
572 806 730 862 facile
758 810 1104 879 perspicitur.
1137 809 1271 864 Vide
1301 811 1427 864 Ant.
1459 812 1581 865 Itin.
1605 828 1657 880 p.
1678 813 1806 865 200.

226 886 378 942 Ilaml
417 890 642 943 multum
666 892 732 944 ab
760 893 857 947 hac
884 897 1015 948 urbe
1035 895 1355 948 Mantinium
1384 895 1643 960 distabat;
1666 896 1809 965 quod

226 973 480 1041 quoniam
518 976 696 1042 magni
750 975 1070 1030 Sanctorum
1116 978 1295 1043 operis
1326 978 1638 1031 conditores
1678 994 1807 1032 nus-

227 1071 389 1124 quam
419 1057 655 1124 reperire
672 1072 729 1112 se
755 1060 1000 1127 potuisse
1024 1059 1255 1129 professi
1289 1072 1437 1123 sunt,
1477 1077 1540 1113 ex
1572 1058 1805 1114 Historia

230 1138 484 1208 martyris
511 1137 739 1195 Titionis
765 1144 902 1210 apud
931 1142 1280 1197 Lambecium
1317 1143 1566 1197 Biblioth.
1606 1145 1802 1198 Cwsar.

232 1234 351 1287 Vm,
386 1239 438 1291 p.
471 1222 575 1277 2|“).
600 1225 936 1279 lirmabimus
966 1245 979 1280 :
1025 1226 1083 1279 Ὀ
1107 1228 1259 1293 ἆγιος
1289 1227 1496 1296 μάρτυς
1512 1228 1709 1280 Τιτίων
1740 1223 1808 1297 ἦν

230 1307 292 1357 ἐκ
366 1305 460 1358 τοῦ
524 1308 828 1360 Μαντινίου
906 1308 998 1360 τοῦ
1069 1310 1173 1361 ὑπὸ
1238 1309 1638 1363 Κλαυδιὸπολιν
1709 1311 1808 1379 τὴν

232 1390 568 1459 μητρόπολιν
645 1391 948 1456 τελοῦντος.
1028 1392 1179 1449 Adde
1248 1393 1528 1449 Socratem
1599 1393 1673 1449 11.
1740 1394 1804 1449 Ε.

227 1487 290 1536 ll,
320 1474 411 1528 58.

302 1554 434 1613 Ibid.
467 1558 788 1625 Προυσιάς.
818 1557 984 1613 Recte
1005 1574 1132 1613 mss.
1160 1570 1242 1615 est
1266 1560 1489 1616 Prusias
1521 1562 1675 1630 juxta
1699 1562 1811 1631 Hy-

231 1642 375 1709 pium
408 1640 631 1706 ﬂumen,
665 1641 818 1709 cujus
877 1643 1021 1697 civcs
1073 1646 1121 1697 in
1160 1643 1401 1698 Doniana
1458 1645 1810 1713 inscriptione

229 1725 404 1779 Class.
440 1724 504 1786 V,
545 1724 641 1778 I77
672 1725 1035 1777 ΠΡΟΥΣΙΕΙΣ
1092 1726 1234 1781 A110
1292 1728 1459 1781 ΥΠΙΟ
1532 1728 1804 1783 dicuntur.

230 1806 477 1861 Memnon
508 1823 559 1861 c.
594 1807 662 1861 49
702 1808 827 1863 olim
861 1808 1074 1863 Cierum
1113 1826 1140 1862 a
1192 1811 1589 1879 praeterﬂuentc
1624 1826 1805 1872 amne,

232 1890 403 1945 fuisse
427 1893 752 1960 appellatam
785 1893 987 1948 indicat
1024 1912 1036 1946 :
1075 1896 1346 1949 assentior
1367 1897 1511 1950 enim
1538 1894 1808 1950 Palmetio

228 1984 280 2026 et
322 1973 623 2029 IIolsteinio
654 1976 793 2030 hanc
832 1992 954 2030 eum
991 1977 1330 2043 Prusiadem,
1362 1996 1466 2033 non
1508 1980 1656 2034 illam
1688 1994 1809 2048 qua:

228 2069 285 2111 et
323 2057 472 2122 Cius,
520 2059 784 2114 innuisse.
835 2061 997 2114 Πόλιν
1057 2062 1455 2132 Ἡρακλεωτῶν
1512 2063 1717 2132 pariter
1746 2079 1810 2117 ac

231 2138 388 2193 Tium
415 2157 463 2195 c.
494 2140 565 2197 29
589 2152 887 2210 nuncupat,
927 2154 1110 2213 atque,
1145 2156 1374 2215 utraque
1404 2147 1457 2200 in
1485 2156 1806 2214 potestatem

230 2227 473 2283 redacta.
493 2240 670 2294 regem
691 2224 938 2280 Prusiam
952 2230 1015 2282 ὲκ
1031 2229 1301 2299 Θαλάττης
1319 2230 1397 2293 εἰς
1417 2230 1694 2282 θάλασσαν
1712 2228 1809 2299 τὴν

238 2306 570 2377 Ἡράκλειαν
594 2310 953 2379 περιγράψαι,
980 2310 1298 2366 Heracleam
1320 2312 1557 2381 undique
1574 2313 1640 2365 ad
1662 2328 1810 2368 mare

226 2389 653 2445 circumdedisse
680 2408 696 2457 ;
726 2406 847 2459 qua:
871 2394 936 2447 de
966 2392 1226 2450 Prusiade
1267 2395 1335 2449 ad
1362 2396 1540 2449 sinum
1580 2396 1808 2450 Ciannm

225 2488 352 2528 vera
392 2488 513 2528 esse
537 2474 674 2528 haud
710 2486 957 2542 possunt,
1004 2479 1058 2532 in
1090 2479 1230 2533 hanc
1266 2494 1395 2533 vero
1426 2481 1639 2548 egregie
1669 2495 1808 2551 qua-

227 2556 406 2611 drart.
453 2556 564 2610 Sita
597 2558 712 2613 haec
740 2567 857 2613 erat
891 2561 956 2613 ad
996 2559 1274 2615 Heracleae
1330 2563 1697 2627 occidentem,
1741 2563 1811 2617 ad

227 2644 494 2697 orientem
532 2641 701 2709 Tius;
757 2644 896 2699 unde
922 2656 1153 2714 utraque
1177 2646 1379 2714 potitus
1406 2645 1624 2700 Prusias
1663 2660 1812 2714 pror-

226 2745 320 2786 sus
353 2731 616 2785 incinctos
655 2730 872 2785 videbat
918 2733 1328 2788 lleracleeuses.
1382 2736 1513 2800 Qua:
1540 2735 1642 2789 etsi
1675 2736 1810 2789 bene

228 2816 432 2875 habere
462 2816 771 2879 videantur,
796 2830 905 2869 non
937 2830 1205 2884 negavero
1259 2828 1437 2872 tamen
1467 2819 1806 2873 Memnonem

226 2907 518 2969 utramque
551 2898 866 2953 Prnsiadem
898 2898 1209 2953 confudisse
1246 2918 1259 2954 :
1304 2917 1425 2954 nam
1467 2917 1585 2971 qua:
1611 2903 1679 2955 dc
1706 2902 1810 2955 Ar-

227 2985 475 3052 gonautis
495 2996 545 3038 c.
577 2997 709 3037 mn
734 2982 918 3047 referl,
952 2985 1060 3037 acsi
1083 2984 1241 3037 illiad
1261 2985 1475 3038 Cierum
1509 2985 1813 3054 appuleriut

228 3076 392 3135 atque
451 3067 505 3120 in
564 3066 683 3136 ejus
732 3066 929 3120 vicinia
992 3068 1185 3136 Hylam
1247 3069 1552 3132 amiserint,
1600 3085 1661 3122 ea
1720 3069 1811 3122 alii

233 3150 375 3205 circa
410 3150 563 3204 Cium
606 3149 904 3219 contigisse
967 3151 1240 3204 afﬁrmant
1287 3161 1617 3205 constanter.
1683 3149 1813 3205 Vide

229 3232 573 3301 Apollonium
626 3249 683 3294 1,·
722 3232 862 3286 1178
889 3272 905 3299 ,
943 3232 1223 3303 Orpheum
1283 3233 1388 3289 635
1422 3243 1476 3289 ct
1538 3234 1810 3289 Valerium

230 3313 505 3379 Flaccum,
529 3330 613 3379 ιιι,
640 3314 765 3369 48$.

298 3399 435 3453 Ibid.
473 3399 814 3467 Ἡράκλεια.
876 3398 1103 3454 Colonia
1156 3400 1550 3472 Megarensimn
1591 3403 1658 3459 ad
1692 3419 1813 3457 am-

229 3495 350 3533 nem
384 3480 694 3536 Soonanten
724 3483 843 3547 fuit,
879 3484 1109 3538 testibus
1133 3486 1339 3541 criticis
1380 3486 1433 3539 in
1472 3487 1720 3555 Apollon.
1743 3503 1805 3553 ll,

232 3563 373 3629 748;
405 3581 524 3634 qua:
555 3582 675 3620 cum
710 3582 960 3635 magnam
1005 3568 1106 3623 sibi
1144 3570 1448 3638 potentiam
1505 3570 1809 3639 multasque

230 3663 365 3717 opes
402 3650 718 3716 peperisset,
777 3651 1101 3718 gravissima
1171 3654 1482 3708 calamitate
1511 3669 1541 3708 a
1572 3653 1806 3718 Triario,

229 3731 584 3785 Mithridatici
632 3730 754 3785 belli
784 3740 1045 3799 tempore,
1087 3743 1169 3787 est
1197 3750 1456 3804 oppressa
1486 3738 1626 3803 apud
1652 3735 1812 3787 Mem-

229 3832 429 3871 nonem
461 3831 509 3869 c.
535 3816 622 3870 55.

302 3899 438 3954 Ibid.
478 3898 633 3965 Τίος.
666 3900 847 3953 Posita
888 3898 1019 3953 urbs
1054 3907 1173 3953 erat
1198 3899 1264 3953 ad
1292 3899 1491 3952 ﬂumen
1546 3900 1811 3967 Billzcum,

230 3992 291 4037 ut
320 3984 525 4038 scholia
583 3983 876 4050 Apollonii,
912 3984 979 4037 ab
1029 3981 1333 4038 lIolstciuio
1366 3983 1417 4035 iu
1480 3983 1810 4051 Stephanum

233 4076 499 4128 Corrccta,
531 4083 567 4119 ιι
610 4066 710 4119 791
744 4068 1059 4120 ostendunt.
1108 4066 1260 4121 Adde
1308 4066 1505 4120 Ezech.
1568 4065 1812 4135 Spanhe-

240 4150 406 4204 inium
434 4149 605 4217 Epist.
637 4150 701 4202 ad
728 4148 1056 4204 Morcllium.

304 4230 439 4287 Ibid.
472 4231 710 4299 Κρατία.
742 4231 813 4284 De
838 4232 941 4285 hac
970 4234 1095 4286 Ant.
1132 4232 1260 4287 Itin.
1296 4248 1345 4301 p.
1378 4233 1514 4288 200.
1542 4232 1811 4300 Corrupta

238 4316 447 4369 videtur
478 4319 528 4369 in
580 4316 663 4369 his
701 4314 888 4369 Caleni
923 4317 1051 4386 περ).
1095 4335 1254 4389 τροφ.
1303 4318 1481 4387 δυναμ
1524 4334 1562 4382 ι,
1597 4333 1651 4386 p.
1686 4318 1811 4383 '5l‘2,

233 4414 357 4453 cum
418 4401 473 4452 in
530 4398 863 4465 gelidissimo
919 4399 1184 4470 Bithynia:
1243 4410 1413 4455 tractu
1474 4402 1814 4456 collocantur

234 4481 439 4534 Νίκαια
473 4482 565 4533 καὶ
597 4480 813 4550 Προῦσα
846 4483 940 4534 καὶ
974 4482 1230 4552 Κράσσου
1266 4484 1361 4538 καὶ
1384 4483 1813 4548 Κλαυδιούπολις

234 4567 331 4619 καὶ
378 4564 785 4630 Ἰουλιούπολις,
820 4565 955 4617 ἀλλὰ
1001 4567 1095 4618 καὶ
1140 4567 1451 4638 Δορύλαιον,
1487 4570 1519 4638 ἢ
1566 4569 1681 4622 ἔστι
1714 4570 1813 4636 μὲν

234 4650 437 4719 ἐσχάτη
482 4650 581 4716 τῆς
627 4650 881 4718 ’Δσιανῆς
918 4650 1189 4718 Φρυγίαςε
1224 4668 1347 4705 nam
1390 4654 1666 4721 Κράσσου,
1711 4656 1810 4710 etsi

233 4749 420 4788 vocem
455 4733 610 4786 πόλιν
659 4748 723 4786 ex
770 4735 1124 4801 sequentibus
1164 4735 1351 4794 addas.
1385 4737 1515 4789 nihil
1562 4748 1688 4791 est:
1722 4739 1811 4793 ubi

232 4818 376 4870 enim
403 4815 742 4885 CraSSOpolis
773 4815 908 4869 lecta
937 4817 1245 4885 scriptave?
1270 4817 1449 4873 Nihilo
1480 4821 1649 4889 magis
1686 4836 1813 4889 pro-

234 4901 402 4962 licics,
439 4904 483 4953 si
517 4915 640 4954 cum
674 4900 802 4953 Abr.
832 4899 1036 4954 Ortelio
1072 4901 1293 4968 Κράσου
1326 4902 1470 4969 legas
1500 4913 1555 4957 et
1585 4904 1810 4961 Crasum

232 4984 480 5054 Phrygiae
509 4985 701 5038 urbem
736 4984 1025 5050 intelligas,
1060 4986 1313 5053 quoniam
1347 4996 1497 5040 extra
1533 4987 1813 5053 Bithynia:

232 5067 320 5119 illa
374 5068 528 5123 lines.
576 5066 696 5129 Sin,
737 5075 795 5119 ut
844 5082 943 5135 ego
990 5078 1196 5135 putem,
1228 5070 1474 5138 Κράτεια
1519 5071 1810 5136 scribatur,

229 5150 389 5218 plana
420 5163 506 5204 res
529 5149 632 5203 erit
662 5165 675 5203 :
701 5163 763 5203 ea
794 5151 845 5202 in
883 5150 1131 5221 Bithynia
1165 5161 1217 5205 et
1244 5152 1579 5221 Claudiopoli
1615 5154 1810 5219 vicina,

232 5250 331 5287 nec
366 5233 523 5304 longe
563 5236 631 5288 ab
670 5232 949 5304 Juli0poli,
978 5244 1032 5289 et
1080 5245 1225 5290 recte
1254 5246 1511 5305 preptera
1547 5237 1655 5293 illis
1689 5238 1815 5308 jun-

229 5327 405 5386 gclttr.

303 5400 434 5453 Ibid.
482 5400 984 5466 Ἀδριανούπολις.
1010 5400 1253 5457 Meminit
1280 5404 1395 5468 ejus
1423 5403 1552 5473 Imp.
1591 5403 1815 5459 Novella

227 5485 302 5539 99
331 5493 384 5537 et
430 5483 704 5538 Nicmnnm
755 5488 1049 5538 secundum
1100 5503 1150 5555 p.
1192 5488 1283 5542 5‘2.
1323 5486 1478 5542 Unde
1523 5489 1695 5543 locum
1739 5493 1815 5546 illi

232 5569 285 5620 in
318 5565 648 5634 Geographie
680 5565 735 5619 S.
769 5582 885 5619 esse
916 5578 1252 5633 oportuerat.

302 5648 443 5701 Ibid.
509 5648 647 5701 Ὑπὸ
706 5650 1043 5718 κορίκτορα.
1103 5652 1478 5709 Corrcctoretn
1538 5656 1812 5726 intelligit,

231 5731 317 5784 cui
342 5741 392 5785 ct
424 5730 636 5784 Notitia
672 5734 793 5799 imp
836 5732 1043 5788 Orio-at.
1074 5754 1120 5788 c.
1158 5737 1174 5790 Ι
1209 5736 1627 5805 Paphlagoniam
1664 5757 1817 5795 man-

244 5814 352 5869 dat.
394 5814 523 5871 Erat
566 5815 611 5872 is
642 5816 824 5873 medio
852 5819 969 5875 loco
998 5821 1335 5878 consularem
1378 5824 1513 5878 inter
1546 5834 1596 5879 et
1631 5827 1816 5895 praesi-

1084 355 1470 419 COMMENT.
1518 361 1599 420 IN
1640 362 2059 426 HIEROCLIS
2098 370 2645 437 SYNECDEMUM.

3363 380 3505 443 “:30

1916 482 2062 549 dem,
2094 485 2136 537 si
2169 487 2488 555 dignitatem
2529 499 2689 557 atque
2723 490 3135 560 amplitudinem
3168 508 3403 561 spectes,
3440 507 3498 548 nt

1911 578 1973 617 ex
2010 565 2048 620 I.
2088 566 2195 621 VIII
2220 571 2279 624 (ὲ.
2314 570 2412 626 Th.
2446 575 2511 624 de
2533 572 2752 629 Cubort.
2782 589 3097 643 cognosces.
3120 575 3173 628 In
3205 576 3353 631 Italia
3378 595 3499 633 cor-

1915 659 2214 714 rectorum,
2268 654 2333 707 de
2380 656 2580 724 quibus
2634 654 2867 711 Ursatus
2923 658 2991 711 de
3045 658 3221 713 Notit.
3274 660 3495 714 Iloman.

1911 743 1965 798 p.
1994 730 2094 786 641
2127 737 2255 788 edit.
2294 736 2488 793 Grtcvii
2513 780 2526 804 ,
2552 740 2923 805 antiquissima
2954 745 3154 796 mentio
3186 752 3270 796 est
3298 762 3311 797 :
3348 754 3498 798 extra

1913 828 2030 867 eam
2060 818 2236 871 rarius
2267 832 2584 889 occurrunt,
2610 834 2658 876 et
2688 824 2832 878 binis
2867 834 3073 877 tantum
3104 825 3154 878 in
3181 827 3495 894 provinciis,

1916 898 2283 969 Paphlagonia
2328 913 2380 957 et
2427 907 2871 975 Augustamnica,
2905 908 2989 960 cui
3045 910 3263 977 utrique
3305 920 3499 977 praeter

1915 984 2218 1039 Ilieroclem
2254 984 2539 1047 Nut-.imp.
2570 988 2775 1042 Orient.
2816 990 2962 1045 hunc
2992 994 3363 1059 magistratum
3397 992 3498 1044 im-

1912 1069 2081 1136 ponit.
2122 1069 2380 1138 Syncsius
2426 1070 2582 1137 hujus
2615 1076 2911 1139 provinciae
2946 1085 3310 1129 correctorem
3358 1074 3499 1127 Mar-

1910 1153 2125 1205 cianum
2153 1155 2527 1224 philosophum
2552 1155 2640 1207 τὸν
2665 1157 2904 1224 ἄρξαντα
2934 1159 3305 1226 Παφλαγόνων
3331 1174 3499 1228 gene-

1914 1237 2010 1290 rali
2050 1239 2315 1291 vocabulo
2350 1240 2585 1308 appellat
2616 1241 2778 1306 epist.
2817 1242 2937 1295 109.
2968 1244 3119 1298 Adde
3150 1244 3497 1297 Pancirolum

1912 1319 2084 1374 Notit.
2120 1323 2249 1389 imp.
2285 1322 2489 1377 Orient.
2520 1339 2570 1378 c.
2606 1324 2728 1379 I56.

1982 1402 2120 1457 Ibid.
2182 1404 2443 1473 Γάγγιοα.
2509 1406 2681 1460 Probe
2742 1422 2872 1465 mss.
2935 1407 3169 1462 conciIio
3227 1409 3509 1477 Ephesino

1911 1502 1965 1553 τι.
1998 1486 2104 1541 552
2148 1487 2483 1554 Bosphorius
2527 1490 2824 1544 subscribit
2856 1492 3125 1559 Γάγγρων
3164 1494 3259 1561 τῆς
3307 1510 3503 1559 μητρο·

1910 1573 2121 1634 πόλεως
2153 1572 2426 1643 ἐπαρχίας
2456 1573 2804 1643 Παμφυλίας,
2840 1590 3121 1643 perperam
3147 1591 3243 1643 pro
3280 1577 3502 1644 Παφλα-

1910 1657 2116 1723 γονίας,
2161 1665 2217 1709 ut
2250 1656 2551 1710 Sozonteno
2589 1657 2660 1709 Η.
2700 1656 2761 1710 Ε.
2794 1673 2875 1722 ttt,
2912 1658 2977 1710 Η
3006 1658 3252 1726 Γάγγραι
3294 1661 3499 1728 μητρό-

1912 1739 2068 1799 πολις
2101 1738 2489 1806 Παφλαγόνων.
2529 1738 2743 1793 Dixisse
2773 1749 2985 1793 veteres
3025 1738 3093 1790 τὰ
3121 1740 3370 1807 Γάγγρα,
3401 1742 3499 1802 τὰς

1912 1822 2170 1892 Γάγγρας
2194 1830 2249 1874 et
2276 1821 2373 1891 τὴν
2402 1822 2659 1890 Γάγγραν
2682 1837 2745 1881 ex
2784 1821 3059 1891 Stephano
3092 1824 3377 1878 notissima
3418 1840 3501 1876 res

1910 1918 2009 1961 est.
2040 1906 2186 1958 Adde
2213 1905 2313 1958 Ch.
2340 1906 2631 1958 Cellarium
2668 1905 2731 1961 G.
2759 1906 2822 1957 A.
2852 1922 2937 1968 Ill,
2977 1907 3030 1970 8,
3064 1922 3115 1974 p.
3150 1906 3275 1959 518.

1983 1990 2115 2044 Ibid.
2153 1990 2671 2058 Πομπηϊούπολις.
2732 1990 2963 2043 Condita
3028 2004 3057 2043 a
3114 1989 3371 2056 Pompeio
3419 1998 3503 2042 est

1911 2075 2050 2141 apud
2077 2072 2400 2127 Strabonem
2436 2088 2532 2133 λιι,
2558 2088 2611 2141 p.
2645 2071 2770 2126 362.
2789 2070 2958 2125 Ludit
2985 2087 3115 2141 ergo
3140 2072 3190 2125 iu
3212 2061 3341 2125 voce
3370 2076 3497 2137 imp.

1910 2156 2299 2212 Constantinus
2332 2156 2368 2210 l.
2419 2173 2456 2219 ι,
2490 2154 2685 2210 Them.
2732 2154 2786 2217 7,
2827 2170 2947 2209 cum
2998 2155 3193 2224 πομπὴ
3244 2155 3355 2222 γάρ
3394 2156 3500 2205 εἱσι

1912 2243 1986 2295 ait
2045 2241 2139 2294 καὶ
2200 2240 2402 2303 ὄνειδος
2462 2241 2557 2293 καὶ
2608 2238 2944 2310 ὲξουΟὲνημα
3001 2240 3094 2293 τοῦ
3156 2237 3501 2308 ἀνθρωπείου

1911 2324 2123 2394 γένους,
2154 2323 2312 2378 simul
2339 2322 2581 2377 iudicans
2617 2324 2804 2377 urbem
2835 2337 2936 2377 suo
2972 2331 3212 2391 tempore
3240 2320 3500 2375 vilissima

1916 2407 2082 2462 fuisse
2111 2407 2443 2462 conditione.

1985 2491 2117 2545 Ibid.
2151 2490 2328 2559 Σόρα.
2355 2489 2447 2543 Sic
2479 2488 2757 2543 Niczenum
2791 2489 3089 2546 secundum
3126 2504 3180 2558 p.
3218 2487 3308 2542 52.
3341 2486 3502 2539 Chal-

1912 2577 2213 2631 cedoncnse
2246 2590 2295 2641 p.
2335 2571 2439 2627 664
2470 2571 2673 2642 Σοῦρα,
2721 2572 3115 2627 Constantinus
3159 2572 3352 2641 Σώραν
3385 2569 3420 2622 1.
3460 2584 3512 2631 ι,

1914 2660 2104 2714 Thom.
2144 2660 2195 2721 7,
2229 2656 2385 2726 Σωρὰ
2415 2654 2757 2710 .Iustinianus
2794 2655 3015 2710 Novella
3051 2655 3143 2719 29,
3184 2655 3273 2708 ubi
3307 2668 3499 2706 cumu-

1912 2742 1989 2796 los
2007 2742 2118 2795 sive
2134 2740 2368 2794 tumulos
2387 2737 2526 2791 male
2554 2739 2687 2792 verti
2722 2738 2990 2793 Prohabil.
3024 2756 3073 2791 υ.
3103 2754 3201 2791 χιιι
3261 2737 3501 2796 ostendi,

1913 2839 2147 2886 mecum,
2192 2824 2331 2889 quod
2382 2820 2639 2889 deinceps
2685 2821 2911 2875 edoctus
2941 2836 3083 2884 sum,
3131 2820 3511 2872 consentiunt:

1914 2908 1977 2961 L.
2025 2905 2324 2961 IIolsteinio
2356 2905 2407 2958 in
2457 2905 2641 2959 Ortelii
2699 2903 2858 2959 Sora.
2911 2904 3172 2972 Superest
3218 2902 3270 2955 in
3310 2901 3501 2955 iisdem

1914 2990 2155 3045 Novella:
2186 2989 2368 3041 verbis
2413 2987 2557 3040 aliud
2593 2987 2736 3055 quod
2784 2987 2987 3041 morari
3031 2986 3231 3055 possit;
3275 2983 3417 3037 unde
3450 2995 3505 3036 ct

1915 3076 2001 3129 hic
2046 3075 2148 3126 illis
2196 3072 2346 3125 locus
2390 3069 2621 3123 dandus.
2657 3070 2842 3138 Φαμὲν
2891 3069 2948 3121 δὲ
2983 3064 3505 3137 Γερμανικοπόλεώς

1912 3176 1971 3211 τε
2018 3158 2110 3210 καὶ
2161 3158 2269 3207 τῶν
2316 3153 2454 3224 πρὸς
2488 3154 2756 3220 Γάγγραν
2789 3152 2883 3204 καὶ
2936 3151 3224 3221 Πομπηῖου
3272 3148 3505 3202 πολιτῶν

1914 3244 2007 3296 καὶ
2068 3239 2360 3310 Δαδύΰρων
2402 3239 2496 3290 καὶ
2554 3235 2755 3306 Σωρῶν
2830 3235 3193 3305 ’Δμαστρίδος
3248 3235 3344 3285 καὶ
3371 3232 3506 3301 πρός

1913 3343 1976 3393 γε
2021 3322 2426 3379 Ἰωνοπο).ιτῶν.
2471 3320 2562 3373 Sic
2614 3318 2923 3373 I'Ioloander
2974 3316 3233 3386 vulgavit,
3284 3314 3507 3384 natique

1913 3410 2041 3463 hinc
2076 3416 2201 3460 sunt
2241 3404 2426 3459 ttnnnli
2467 3401 2830 3456 Atnastridos.
2870 3399 3230 3469 Hombergius
3266 3399 3316 3451 in
3364 3399 3507 3451 notis

1913 3508 1941 3547 c
1974 3507 2076 3547 ms.
2108 3498 2238 3559 puto
2266 3529 2281 3553 ,
2334 3486 2493 3540 affert
2540 3486 2717 3555 φαμὲν
2770 3485 2825 3539 δὲ
2880 3480 3403 3554 Γερμανικοπόλεὼς
3445 3497 3505 3533 τε

1910 3579 2010 3647 τῆς
2040 3575 2181 3646 πρὸς
2209 3574 2486 3641 Γάγγραν,
2518 3571 2807 3641 Πομπηῖοῡ
2844 3570 3071 3631 πόλεως,
3097 3566 3386 3635 Δαδύϐρων
3410 3568 3507 3621 καὶ

1912 3659 2112 3729 Σωρῶν
2148 3657 2240 3710 καὶ
2292 3655 2652 3725 Ἀμαστρίδος
2689 3654 2784 3707 καὶ
2827 3653 2965 3721 πρός
3007 3668 3068 3719 γε
3125 3649 3505 3712 Ἰωνοπόλεως,

1914 3742 2104 3804 multo,
2151 3755 2236 3792 me
2266 3738 2449 3806 judice
2499 3738 2721 3789 rectius.
2781 3735 3003 3788 Diilicile
3049 3746 3227 3786 autem
3265 3742 3370 3797 est,
3407 3733 3503 3799 qui

1914 3839 2008 3879 sex
2040 3825 2336 3891 imperator
2369 3818 2750 3887 Paphlagonia:
2782 3819 2878 3870 has
2916 3817 3079 3867 urbes
3120 3813 3341 3877 dixerit,
3381 3828 3505 3865 cum

1915 3906 2072 3974 plane
2103 3913 2305 3972 septem
2364 3914 2652 3955 recensere
2691 3899 2959 3961 videatur,
3006 3895 3504 3977 Germanicopolin,

1916 3988 2208 4057 Gangram,
2243 3982 2686 4053 Pompeiopolin,
2723 3980 2995 4051 Dadybra,
3032 3979 3191 4042 Sora,
3227 3978 3503 4031 Amastrin

1915 4069 2326 4139 etJonopcliu;
2382 4080 2556 4135 neque
2605 4064 2843 4133 suspicio
2897 4064 2964 4117 de
3016 4061 3259 4115 numeris
3300 4060 3506 4113 vitiatis

1919 4155 2164 4212 incidere
2220 4160 2421 4221 potest,
2474 4150 2743 4219 siquidem
2798 4147 2999 4200 diserte
3057 4145 3108 4198 in
3155 4144 3509 4213 sequentibus

1920 4240 1987 4294 12
2018 4239 2178 4292 nrbes
2218 4235 2468 4307 praetoris
2519 4232 2901 4302 Paphlagoniae
2945 4230 3157 4295 ditioni,
3186 4245 3278 4285 sex
3323 4227 3507 4283 Horro-

1920 4321 2087 4376 riadis
2139 4330 2194 4375 et
2228 4318 2451 4374 totidem
2494 4315 2896 4385 Paphlagoniae,
2939 4314 3182 4382 subjicit.
3239 4312 3393 4376 Mihi,
3450 4321 3510 4364 nt

1916 4404 2153 4461 Novella:
2186 4402 2453 4457 sententia
2490 4409 2725 4465 constet,
2766 4398 3234 4468 Germanicopolis
3277 4398 3519 4461 Gangrar

1919 4491 2133 4544 videtur
2175 4486 2484 4541 contributa
2538 4486 2606 4537 ob
2654 4483 2912 4537 viciniam
2961 4498 3024 4536 ac
3077 4490 3361 4551 prepterea
3410 4495 3521 4547 pro-

1916 4587 2026 4627 nna
2074 4571 2237 4625 sumi.
2292 4567 2602 4636 Metropolis
2650 4566 2944 4635 provinciae
2987 4566 3199 4637 Gangra
3243 4563 3506 4635 praeteriri

1917 4654 2059 4709 haud
2092 4653 2287 4724 potuit,
2325 4651 2522 4720 quippe
2551 4649 2772 4703 caeteris
2806 4647 3070 4718 dignitate
3097 4658 3400 4719 praestans;
3432 4644 3524 4699 illi-

1916 4739 2154 4794 vicinam
2215 4734 2697 4801 Gcrmanicopolin
2758 4732 2892 4788 facit
2943 4742 3129 4803 aperte
3189 4733 3529 4800 imperator,.

1917 4817 2384 4892 Γερμανικὸπολιν
2411 4816 2510 4885 τὴν
2537 4816 2672 4885 πρὸς
2706 4817 2965 4886 Γάγγραν
2998 4816 3293 4887 appellans.
3334 4816 3509 4883 Atque

1922 4904 2049 4958 hinc
2081 4901 2296 4955 videtur
2322 4900 2508 4969 ,etiam
2541 4898 2923 4957 derivandum.
2960 4914 3056 4952 cur
3084 4898 3511 4962 Germanicopo-

1918 4990 1991 5052 [in
2027 4984 2299 5038 Ilierocles
2334 4991 2650 5048 czetcraeque
2684 4981 2910 5035 Notitiw
2948 4983 3269 5050 spreverint,
3304 4992 3510 5046 curque

1918 5074 2035 5140 ejus
2067 5069 2119 5123 in
2157 5068 2512 5122 conciliorum
2548 5068 2693 5120 Actis
2726 5069 2933 5122 mentio
2970 5068 3137 5121 nulla.

1990 5156 2123 5209 Ibid.
2173 5152 2550 5223 Ἀμάστριον.
2591 5152 2900 5223 Ἀμαστρις
2930 5152 3171 5205 Luciano
3199 5148 3508 5217 passimque

1918 5240 2038 5292 aliis
2071 5247 2122 5290 et
2156 5236 2389 5292 concilio
2443 5234 2772 5290 Chalcedon.
2822 5251 2874 5305 p.
2904 5235 2994 5288 96.
3023 5234 3240 5287 Nicamo
3270 5229 3505 5284 secundo

1932 5322 2236 5392 ’Δμάστρα,
2272 5320 2634 5373 Constantino
2670 5319 3005 5388 imperatori,
3037 5318 3275 5383 itemque
3309 5311 3504 5365 Niceta:

1919 5405 2248 5475 Paphlagoni
2274 5411 2413 5459 orat.
2443 5403 2499 5456 in
2528 5403 2587 5458 S.
2620 5402 2979 5473 Hyacinthum
3010 5400 3147 5454 XVII
3173 5398 3297 5453 Julii
3324 5395 3499 5465 magni

1923 5489 2244 5544 Sanctorum
2276 5482 2604 5556 operis,"qui
2644 5502 2760 5539 eam
2811 5483 3191 5553 Paphlagonia
3228 5489 3320 5534 aut
3354 5481 3513 5535 orhng

1921 5574 2101 5644 potius
2138 5571 2388 5635 ocellum,
2436 5571 2487 5623 in
2537 5568 2691 5637 cujus
2728 5578 2939 5638 portum
2986 5567 3179 5621 Euxini
3231 5564 3381 5618 Ponti
3412 5579 3513 5615 ac-

1920 5657 2049 5710 colae
2076 5664 2331 5724 tanquam
2360 5668 2703 5709 communem
2724 5654 3008 5721 quemdam
3037 5660 3329 5703 mercatum
3355 5664 3511 5703 como

1920 5750 2133 5803 meent,
2185 5738 2417 5809 appellat
2459 5756 2471 5792 :
2525 5738 2815 5808 Ἀμάστρα
2863 5738 2892 5789 ὁ
2940 5737 3038 5807 τῆς
3094 5734 3501 5803 Παφλαγονίας,

1926 5824 2124 5896 μᾶλλον
2172 5824 2225 5877 δὲ
2277 5823 2379 5894 τῆς
2427 5822 2749 5894 οἰκουμένης
2802 5820 2980 5892 ὀλίγου
3037 5821 3147 5877 δεῖν
3199 5817 3505 5889 ὀφθαλμὸς,
