3980 6210
492 295 641 362 'Ilfil

499 412 579 472 et;
609 408 676 479 ἢν
708 410 761 462 οἴ
806 428 861 464 τε
898 410 957 464 τὸ
1002 412 1211 484 βόρειον
1240 415 1335 468 τοῦ
1388 416 1641 482 Εὐξείνου
1693 416 1863 487 μέρος
1936 431 2088 485 περι-

476 570 477 573 η
504 494 784 556 οικοῦντες
814 493 1018 548 Σκύθαι
1052 495 1144 549 καὶ
1181 498 1231 549 οἱ
1276 498 1407 568 πρὸς
1437 499 1587 553 νότον
1619 500 1862 569 κείμενοι
1894 498 2085 566 ὥσπερ

504 576 586 639 είς
612 593 664 628 τι
694 577 870 629 κοινὸν
905 580 1291 649 συντρέχοντες
1329 582 1593 653 ἐμπόριον
1618 584 1688 636 τὰ
1718 581 1850 653 παρ’
1878 580 2088 635 ἑαυτῶν

502 676 560 712 τε
618 662 1057 732 συνεισφέρουσι,
1094 666 1188 717 καὶ
1235 664 1305 717 τὰ
1352 667 1484 737 παρ’
1532 665 1704 736 αὐτῆς
1749 664 2084 734 (Ξιντιλαμσά⁴

500 760 676 805 νουσι.
754 744 908 808 πόλις
943 745 1083 817 seu;
1134 764 1196 801 τε
1239 747 1421 818 πάσης
1461 749 1665 819 λήξεως
1699 751 1797 803 καὶ
1828 748 2085 819 ἑσπερίου

509 826 718 895 μεταξὺ
744 828 975 897 κειμένη
1001 844 1019 860 ο
1049 828 1140 883 ubi
1179 831 1331 898 plura
1377 832 1429 884 in
1458 831 1574 898 ejus
1607 832 1818 885 laudem
1851 846 2083 900 sequun-

503 921 610 966 tur.
647 912 800 967 Adde
836 913 1008 969 schol.
1039 912 1308 981 Apollonii
1350 915 1389 969 l.
1425 930 1489 981 ιι,
1523 914 1649 980 945,
1680 915 1767 969 ubi
1801 929 2084 986 perperam

393 1021 403 1032 —
500 994 806 1065 Δάματρις.

573 1076 688 1131 Col.
715 1077 840 1133 149.
859 1079 1239 1142 Your-datalia.
1261 1079 1351 1134 Sic
1368 1087 1423 1134 et
1439 1079 1867 1136 Chalcedonensi
1891 1077 2087 1134 concil.

504 1175 559 1226 p.
590 1159 659 1213 95
688 1171 741 1215 et
764 1160 981 1217 Nicaano
1007 1164 1242 1218 secundo
1267 1179 1321 1233 p.
1356 1163 1446 1218 52.
1483 1163 1705 1219 Rectius
1734 1162 2091 1217 Constantino

504 1243 540 1296 l.
580 1259 617 1306 t,
653 1242 845 1299 'I’hem.
870 1247 900 1297 7
931 1246 1259 1310 Ἰωνόπολις.
1292 1247 1455 1300 Petiit
1487 1246 1753 1314 impostor
1782 1243 2092 1301 AleXandcr

503 1324 657 1394 παρὰ
696 1325 790 1379 τοῦ
818 1326 1221 1400 αὐτοκράτορος
1265 1328 1743 1399 μετονομασθῆναι
1782 1326 1845 1379 τὸ
1914 1324 2092 1378 ’Δὸώ-

504 1423 600 1459 νου
631 1410 809 1477 τεῖχος
839 1410 935 1462 καὶ
979 1410 1283 1465 Ἰωνόπολιν
1304 1411 1594 1481 κληθῆναι,
1626 1408 1766 1478 apud
1793 1407 2092 1462 Luciauum

507 1489 561 1542 iu
603 1487 1005 1545 Pseudotnante
1052 1510 1066 1547 :
1107 1492 1216 1546 voti
1267 1494 1577 1547 damnatqu
1613 1491 1801 1556 fuisse,
1845 1488 2093 1543 Ἰωνοπο-

508 1568 701 1623 λειτῶν
720 1574 947 1637 nummi,
970 1576 1037 1629 ab
1058 1575 1337 1631 Ilarduino
1356 1576 1641 1631 Vaillantio
1655 1573 2092 1645 Spanhemioque

506 1653 776 1722 producti,
803 1657 1151 1713 conﬁrmant.

576 1736 706 1791 Ibid.
729 1737 1018 1807 Δαδύὄρα.
1040 1741 1312 1811 Δαδίῦραν
1341 1740 1736 1797 Constantinus
1757 1740 1797 1795 l.
1822 1734 1870 1803 ι,’
1889 1738 2086 1795 Them.

508 1816 562 1882 7,
593 1819 687 1872 sed
723 1835 1031 1891 perperam,
1062 1824 1331 1893 appellat.
1362 1822 1523 1892 Pejus
1554 1823 1727 1879 multo
1759 1822 2089 1878 Chalcedon.

504 1914 561 1970 p.
592 1901 697 1957 661
743 1903 1137 1974 Pulychronius
1167 1905 1425 1978 Δαδύρων
1477 1905 1681 1961 dicitur
1709 1923 1724 1959 :
1766 1906 1966 1959 rectius
1996 1904 2092 1957 M-

506 1988 926 2110 .Sifi:lll.ld0
955 2002 1010 2058 p.
1041 1988 1110 2044 52
1134 1987 1352 2047 Nicetas
1375 1990 1690 2062 Δαδύϐρων.
1723 1987 1862 2045 Vide
1890 1988 2094 2044 Proba-

581 2135 717 2191 Ibid.
750 2139 1076 2206 Γαλατίας.
1114 2141 1276 2197 Deest
1310 2140 1552 2214 πρώτης.
1582 2142 1837 2198 Socrates
1857 2141 1923 2196 Η.
1953 2140 2018 2196 E.
2048 2140 2107 2207 t,'

512 2217 585 2272 56
609 2228 661 2271 et
683 2234 743 2284 ιι,
775 2220 841 2275 15
870 2224 1074 2294 μικρὰν
1097 2224 1367 2278 Γαλατίαν
1397 2227 1514 2281 sive
1576 2241 1796 2296 parvam
1826 2225 2093 2279 Galatiam

508 2303 745 2371 appellat
783 2313 835 2359 et
868 2317 1022 2362 vetus
1055 2307 1194 2378 lapis
1237 2310 1290 2364 in
1335 2308 1498 2364 Roma
1530 2307 1851 2365 Sttbterran.
1873 2323 1926 2378 p.
1966 2307 2090 2373 154,

508 2386 650 2451 quod
708 2395 763 2441 et
820 2387 1155 2447 IIolsteinius
1209 2392 1379 2458 vidit,
1433 2394 1522 2447 ubi
1579 2393 1836 2463 Δόκιμος,
1888 2390 2091 2463 χωρίου

505 2467 708 2539 Γολόης
744 2473 947 2542 μικρᾶς
979 2472 1271 2539 Γαλατίας.
1306 2474 1779 2546 Ἀγκυρογαλατία
1810 2476 2007 2529 dicitur
2038 2474 2092 2527 in

511 2552 855 2608 Sardicensis
905 2557 1098 2626 synodi
1132 2559 1292 2626 epist.
1350 2567 1483 2613 tom.
1534 2557 1604 2611 III
1655 2558 1863 2611 Concil.
1899 2556 2089 2612 Gener.

511 2647 565 2702 ιι.
602 2633 691 2697 51,
725 2639 868 2706 quod
906 2641 1118 2710 Ancyra
1153 2638 1311 2707 hujus
1346 2649 1489 2695 esset
1529 2640 1864 2710 metropolis.
1898 2639 2095 2694 Subdi-

513 2726 624 2772 tam
651 2729 829 2774 autem
875 2722 1168 2787 consulari,
1193 2738 1351 2791 quem
1378 2722 1474 2776 τοῦ
1506 2722 1693 2786 ἔθνους
1727 2723 1961 2795 ἄρχοντα
1989 2722 2093 2779 So-

512 2815 771 2855 zomenus
818 2818 872 2869 ν,
907 2804 969 2857 11
1021 2814 1320 2876 nuncupat,
1355 2805 1544 2875 fuisse,
1590 2821 1657 2862 ex
1703 2804 1913 2861 Notitia
1960 2807 2089 2875 imp.

516 2885 720 2938 Orient.
753 2900 801 2942 c.
833 2901 849 2941 I
878 2898 1112 2943 constat.

582 2968 714 3025 Ibid.
756 2971 1030 3041 Ἄγκυρα.
1063 2973 1177 3028 Hoc
1215 2974 1420 3045 justum
1462 2982 1565 3032 est.
1602 2975 1801 3048 Πρώτη
1844 2976 1937 3031 καὶ
1995 2993 2093 3045 με·

511 3051 673 3122 γίστη
709 3052 967 3108 Γαλατῶν
992 3057 1146 3120 πόλις
1168 3055 1397 3113 Libanio
1419 3057 1691 3129 Apologet.
1715 3069 1859 3114 orat.
1883 3074 1934 3129 p.
1962 3057 2090 3121 599,

511 3136 826 3205 metrOpolis
853 3136 1078 3193 Galatia:
1118 3140 1172 3194 in
1214 3139 1486 3196 Theodori
1525 3141 1762 3213 Syciota:
1796 3142 1914 3197 Vita
1951 3139 2092 3195 XXII

510 3217 693 3285 April.
736 3220 1037 3287 smpissime
1066 3223 1285 3279 dicitur.
1316 3224 1443 3280 Vide
1478 3227 1601 3281 Ant.
1633 3225 1764 3281 Itin.
1797 3243 1851 3297 p.
1882 3225 2005 3280 H3.

582 3300 720 3355 Ibid.
752 3305 947 3358 Ταὸία.
983 3304 1111 3360 Erat
1138 3307 1191 3361 in
1224 3305 1492 3376 Trocmis,
1525 3311 1669 3364 unde
1709 3324 1958 3363 nummus
1981 3308 2087 3363 (ΞΕ.

513 3385 666 3441 ΤΡΟ.
701 3387 1123 3455 ΤΑΟΥΙΑΝΩΝ,
1155 3391 1572 3446 Severianorum
1605 3391 1960 3447 Trocmorum
1986 3391 2091 3446 Ta-

506 3470 820 3549 ‘viauorum,
850 3471 902 3525 in
951 3471 1107 3526 Thes.
1140 3472 1353 3528 Britan.
1385 3486 1515 3529 tom.
1558 3489 1623 3540 ιι,
1668 3490 1722 3543 p.
1756 3475 1881 3531 255.
1934 3474 2090 3530 Plura

514 3553 710 3604 Anton.
750 3552 879 3605 Itin.
915 3568 971 3623 p.
999 3554 1127 3619 202,
1156 3566 1211 3609 et
1239 3555 1306 3610 de
1337 3557 1547 3628 Aspona
1578 3574 1630 3627 p.
1665 3558 1785 3613 M3.

588 3633 724 3690 Ibid.
769 3636 978 3691 Κίννα.
1033 3636 1210 3694 IIabet
1272 3640 1410 3696 hanc
1460 3641 1644 3697 urbem
1703 3640 1925 3696 Galatia!
1969 3640 2092 3696 Vita

513 3713 783 3772 Theodori
814 3718 1049 3791 Syciota:
1073 3738 1122 3779 c.
1150 3722 1205 3790 8,
1231 3734 1284 3778 et
1308 3722 1583 3780 Nicmnum
1608 3725 1902 3781 secundum
1930 3740 1982 3790 p.
2000 3725 2089 3790 50,

516 3802 800 3873 Κιννηνῶν
829 3805 985 3870 πόλις
1016 3807 1212 3863 concil.
1238 3807 1651 3881 Constantinop.
1688 3811 1848 3865 tertio
1878 3825 1930 3879 p.
1963 3809 2087 3865 501.

514 3882 809 3943 Ptolemaeo
834 3904 1118 3961 perperam
1171 3891 1331 3964 vulgo
1359 3893 1578 3957 Kiatva,
1623 3894 1765 3963 quod
1805 3892 1932 3949 hinc
1970 3908 2092 3948 cor-

515 3969 616 4034 rigi
644 3969 839 4026 debere
870 3974 1074 4029 codicis
1102 3975 1421 4031 Coisliniaui
1457 3977 1628 4032 Κίννα
1656 3975 1911 4031 afﬁrmat.

585 4051 721 4105 Ibid.
796 4055 1245 4128 Ῥεγαγαγαλία.
1313 4059 1701 4128 Ῥεγελαγανία
1755 4066 2093 4130 Oportuerat,

515 4135 712 4203 quippe
745 4136 980 4207 Lagauia
1011 4140 1231 4196 Tabula:
1267 4152 1319 4197 et
1365 4142 1496 4196 Ilin.
1540 4143 1665 4198 Aut.
1702 4158 1755 4212 p.
1807 4143 1926 4197 142.
1962 4142 2093 4214 Ejus

515 4219 715 4285 praemi
764 4221 1100 4291 Euphrasius
1143 4225 1421 4290 Λασανίας
1467 4226 1665 4282 dicitur
1707 4244 1760 4298 p.
1788 4227 1859 4283 95
1896 4229 2088 4284 εοιιςὶι.

517 4298 869 4368 Chalcedon.,
898 4307 1079 4362 verius
1116 4309 1392 4379 Δαγανίας
1420 4326 1472 4381 p.
1501 4309 1625 4366 662.
1660 4310 1808 4364 Dicta
1837 4311 2092 4377 deinceps

515 4384 945 4470 Anastasiupolis
975 4391 1207 4458 videtur,
1229 4396 1481 4464 quoniam
1522 4395 1573 4448 in
1605 4392 1719 4447 Jac.
1762 4392 1922 4449 Goari
1974 4391 2090 4448 No-

520 4469 652 4521 titiis
708 4470 796 4524 illa
834 4469 1211 4542 'tuetnoratur’,
1264 4493 1528 4547 nusquam
1600 4476 1871 4545 Lagania;
1926 4491 2088 4547 Quam

520 4552 886 4613 conjecturam
923 4556 1060 4612 situs
1090 4558 1425 4627 plausibilem
1456 4560 1606 4613 facit.
1649 4559 1883 4627 Lagauia
1914 4560 1984 4614 21
2015 4556 2087 4615 Μ.

520 4632 581 4685 Ρ.
615 4634 867 4706 Juliopoii
903 4639 1156 4701 distabat.
1187 4643 1345 4708 spatii
1388 4643 1622 4697 medium
1654 4653 1875 4700 secante
1912 4644 2089 4700 Siberi

520 4716 703 4809 nimio,
733 4720 817 4809 cui
849 4718 1058 4792 Syceon
1086 4724 1342 4794 oppidum
1372 4727 1610 4783 vicinum
1650 4738 1790 4797 erat,
1830 4729 2091 4799 Procopio

521 4800 698 4883 {findi/2
748 4800 888 4857 Just.
929 4821 981 4871 ν,
1034 4806 1068 4860 4
1116 4816 1381 4865 auctore:
1427 4810 1631 4883 Syceon
1679 4828 1809 4868 vero
1855 4829 1975 4868 cum
2028 4813 2093 4868 12

523 4880 599 4966 11.
635 4880 691 4937 Ρ.
725 4884 1119 4959 Anastasiopuli
1156 4890 1391 4953 affuerit.
1436 4880 1544 4948 non
1575 4895 1676 4949 alia
1723 4897 1910 4966 utique
1936 4911 1998 4951 ea
2027 4911 2093 4950 ac

524 4963 757 5050 langania
788 4970 1012 5028 dicenda
1045 4984 1145 5030 est.
1186 4975 1309 5031 Vita
1345 4976 1612 5033 Theodori
1644 4963 1887 5050 Syceotte
1929 4993 1980 5034 c.
2009 4979 2044 5033 2
2074 4996 2088 5034 :

523 5048 587 5103 In
619 5047 929 5108 Galatarum
962 5058 1165 5128 regione
1191 5072 1264 5114 est
1290 5062 1555 5130 oppidum,
1594 5047 1731 5129 quod
1763 5060 1963 5132 Syceon
2002 5080 2095 5132 ap-

522 5132 767 5201 Dellntur,
803 5138 1093 5208 subjectum
1143 5143 1537 5211 Anastasiopoli
1584 5146 1740 5212 primi
1786 5147 2092 5215 Ancyrano-

523 5231 636 5299 rum
656 5221 975 5299 principatus
996 5239 1013 5278 :
1035 5225 1198 5280 distat
1212 5236 1385 5282 autem
1404 5228 1799 5299 Anastasiopoli
1825 5228 1891 5282 12
1910 5227 1979 5283 Μ.
2001 5232 2088 5298 Ρ.;

525 5298 613 5352 ubi
651 5298 706 5354 P.
745 5301 1072 5361 Frauciscus
1109 5306 1298 5375 Zinus,
1339 5312 1425 5365 cui
1471 5298 1721 5365 Latinam
1757 5326 1877 5365 eam
1923 5312 2085 5366 vitam

522 5381 801 5449 debemus,
831 5387 974 5443 haud
1015 5391 1177 5447 dubie
1229 5392 1454 5449 oll‘undit
1498 5395 1563 5448 ad
1607 5391 1831 5463 πρώτην
1888 5396 2089 5464 Ἀγκυ-
2140 5428 2141 5431 η

526 5465 702 5533 ρανῶν
752 5470 1040 5543 ἐπαρχίαν,
1076 5485 1136 5531 ιιι
1162 5490 1226 5532 ex
1263 5478 1438 5548 primo
1455 5476 1866 5548 Aucyranorum
1888 5479 2092 5550 princi-

523 5557 651 5614 patu
688 5557 1031 5621 perspicitur.

596 5626 728 5714 Ibid.
778 5632 1180 5706 Ῥεγέμνηῖος.
1224 5641 1426 5707 Mattio;
1459 5648 1573 5705 est,
1607 5640 1768 5712 cujus
1802 5642 2091 5714 episcopus

525 5705 768 5765 Andreas
799 5705 1001 5784 πόλεως
1031 5705 1234 5786 blattas
1266 5705 1362 5796 τῆς
1385 5724 1605 5798 πρώτης
1634 5705 1892 5783 Γαλατών
1915 5705 2089 5798 ἐπαρ-

1568 299 1951 364 ΛΒΒΕΝΒΑ.
1992 326 2058 340 -
2095 302 2158 362 Ρ.
2196 294 2704 361 WESSELINGII

2131 5817 2179 5831 κ

3640 283 3663 347 1
3679 288 3758 350 ΣΞιέ

2196 413 2322 484 χίας
2352 409 2587 466 concilio
2613 403 3027 472 Constantinop.
3064 402 3224 457 tertio
3254 416 3307 471 p.
3339 400 3433 455 501
3465 398 3778 457 subscribit.

2193 482 2393 550 Nicaeni
2427 493 2644 548 secundi
2681 488 2897 544 concilii
2938 487 3091 542 aﬂuit
3120 485 3273 541 Actis
3297 484 3550 551 ejusdem
3584 482 3777 549 episeo-

2191 593 2292 646 pus
2321 575 2447 639 Leo,
2479 575 2572 631 sed
2600 574 2690 640 qui
2719 572 3067 627 vitiosissime
3084 584 3137 638 p.
3172 569 3234 624 51
3272 567 3488 629 πόλεως
3534 566 3776 633 Ἀμίντιιυ

2192 669 2246 715 et
2273 675 2325 728 p.
2355 658 2451 714 59l
2492 654 2737 725 Μιζούης
2767 655 2991 719 dicitur,
3016 652 3211 706 melius
3240 664 3292 719 p.
3328 648 3458 703 551.
3499 648 3680 717 Digna
3702 650 3779 700 ita-

2192 758 2297 811 que
2325 740 2502 797 luerat
2529 755 2648 809 quae
2683 739 2736 792 in
2771 735 3108 807 Geographia
3151 734 3216 790 S.
3250 733 3434 788 locum
3465 741 3775 798 occuparet.

2194 824 2329 881 Vide
2356 825 2482 879 Ant.
2528 822 2658 877 Itin.
2691 837 2746 892 p.
2792 819 2895 876 1-12
2929 837 2942 873 :
2981 835 3101 873 nam
3137 817 3269 889 ρεγὲ
3299 826 3359 871 ut
3399 819 3591 870 denuo
3630 815 3779 882 expli-

2192 925 2403 975 cemus,
2443 907 2578 962 nihil
2616 905 2779 960 fuerit
2803 918 3048 959 necesse.

2262 991 2397 1046 Ibid.
2446 989 2852 1053 Ἠλιούπολις.
2893 984 3196 1054 Heliopolin
3219 982 3447 1039 Galatiae
3465 981 3596 1037 Vita
3623 978 3780 1035 Theo-

2193 1076 2311 1132 dori
2350 1076 2594 1146 Syceotte
2624 1087 2676 1126 c.
2704 1070 2738 1125 5
2772 1079 2827 1125 et
2851 1069 2885 1124 9
2919 1077 3228 1134 memorat;
3259 1076 3526 1146 praeterea
3560 1065 3778 1146 Melipb:

2197 1143 2432 1223 thongus
2468 1148 2892 1205 Ἦλιουπολιτῶν
2937 1147 3270 1203 Chalcedon.
3313 1144 3556 1199 concilio
3591 1159 3647 1213 p.
3689 1143 3779 1196 l95

2195 1237 2425 1291 interest
2456 1249 2475 1288 :
2506 1233 2647 1287 unde
2687 1245 2879 1286 sanum
2927 1230 3032 1286 hoc
3069 1240 3194 1283 esse
3240 1229 3471 1292 diceres,
3514 1227 3773 1293 siquidem

2194 1326 2249 1372 et
2278 1328 2488 1371 cetera:
2512 1312 2730 1369 Notitia:
2755 1312 3086 1383 conspirant.
3112 1309 3441 1380 Corruptum
3475 1318 3658 1360 tamen
3686 1316 3776 1366 est,

2194 1409 2248 1457 et
2278 1400 2329 1453 in
2374 1396 2750 1459 Ἰουλιούπολις
2801 1395 3146 1459 mutandum,
3194 1403 3308 1447 tum
3358 1392 3503 1461 quod
3556 1389 3777 1458 Mcliph-

2198 1484 2432 1553 thongus
2465 1490 2778 1537 constanter
2816 1480 2965 1547 alibi,
2997 1489 3056 1533 ut
3085 1479 3265 1548 p.2l5
3302 1488 3356 1533 et
3383 1477 3489 1532 662
3526 1474 3777 1528 Ἰουλιου-

2195 1566 2403 1630 πόλεως
2456 1565 2750 1631 scribatur,
2786 1573 2839 1619 et
2872 1563 3104 1618 concilio
3156 1561 3578 1630 Constantinop.
3632 1557 3779 1613 tertio

2195 1665 2249 1719 p.
2293 1650 2393 1705 501
2438 1649 2728 1720 Martyrius
2756 1647 2860 1718 τῆς
2910 1645 3370 1701 Ἰουλιουπολιτῶν
3408 1644 3643 1706 πόλεως.
3688 1642 3779 1711 τῆς

2197 1732 2421 1805 πρώτης
2473 1733 2583 1785 τῶν
2637 1730 2895 1787 Γαλατῶν
2948 1729 3221 1801 ἐπαρχίας
3269 1727 3611 1798 appelletur;
3672 1734 3776 1778 tum

2197 1816 2439 1870 maxime
2468 1815 2611 1884 quod
2644 1815 2787 1868 nulla
2837 1814 2891 1869 in
2922 1813 3136 1870 Galatia
3164 1811 3323 1867 fuerit
3356 1809 3680 1879 Heliopolis.
3711 1806 3779 1861 De

2195 1896 2448 1968 Juliopoli
2476 1898 2603 1952 Ant.
2636 1895 2830 1952 Ititr'er.
2863 1912 2918 1965 ρ.
2949 1895 3076 1950 112.

2270 1983 2406 2037 Ibid.
2450 1981 2755 2047 Γαλατίας
2799 1979 3230 2047 Σαλουταρίιις.
3268 1975 3531 2032 Galatiam
3583 1987 3776 2029 smus.

2197 2065 2323 2120 dam
2376 2064 2605 2134 appellat
2662 2063 2961 2119 concilium
3007 2061 3423 2128 Constantiuop.
3455 2062 3692 2112 tertium
3728 2065 3773 2109 et

2195 2148 2395 2217 passim
2429 2147 2544 2202 alii.
2578 2147 2793 2202 Zosimo
2827 2156 2908 2201 est
2935 2147 2968 2217 ἡ
3003 2145 3147 2199 κατὰ
3171 2143 3413 2214 Φρυγίαν
3435 2140 3679 2195 Γαλατία
3705 2154 3769 2204 tr,

2197 2230 2251 2297 7,
2277 2232 2417 2300 quod
2449 2229 2700 2302 Phrygiae
2726 2240 2873 2284 esset
2902 2229 3152 2282 linitima.
3191 2225 3417 2281 Notium
3438 2223 3766 2290 imp.0n’ent.

2196 2327 2246 2368 c.
2281 2313 2337 2375 1,
2371 2313 2444 2366 uti
2474 2324 2684 2376 nostro.
2718 2310 2928 2366 Galatia
2968 2311 3245 2371 salutaris,
3273 2310 3491 2377 pra-sidi
3517 2306 3767 2373 subjecta.

2267 2395 2402 2452 Ibid.
2435 2396 2499 2451 Ι).
2537 2393 2846 2461 Πισινοῦς.
2891 2394 3081 2449 Verius
3110 2392 3433 2455 Πεσσινοῦς,
3477 2390 3561 2445 vel
3607 2390 3761 2441 [136t-

2196 2479 2343 2543 νοῦς,
2373 2480 2438 2532 de
2462 2494 2566 2549 qua
2599 2479 2666 2559 Α.
2706 2476 2833 2533 Itin.
2882 2494 2934 2548 p.
2965 2475 3093 2532 201.
3134 2475 3452 2545 Metropolis
3489 2471 3766 2559 provinci:

2195 2570 2358 2626 erat;
2392 2562 2535 2615 unde
2571 2561 2621 2614 iu
2650 2550 2896 2615 'concilio
2938 2557 3355 2627 Constantinop.
3396 2557 3554 2610 tertio
3592 2569 3643 2622 p.
3670 2550 3769 2607 663

2195 2643 2586 2699 Constantinus
2612 2644 3038 2699 Πεσσινουντίων
3059 2644 3158 2714 τῆς
3177 2643 3443 2714 δευτέρας
3458 2641 3567 2693 τῶν
3596 2639 3758 2692 Γαλαο

2195 2726 2304 2779 τῶν
2337 2725 2606 2797 ἐπαρχίας
2654 2728 2798 2781 inter
2845 2726 3294 2796 metrOpolitanos
3337 2732 3765 2780 connumeratur.

2197 2808 2334 2865 Vita:
2361 2810 2628 2865 Theodori
2661 2810 2905 2882 Syceola‘
2938 2827 2987 2865 c.
3027 2810 3088 2864 11
3123 2809 3532 2865 Pessinuntiam
3580 2817 3767 2860 metro-

2193 2894 2355 2963 polis,
2387 2894 2531 2948 ltaud
2562 2894 2722 2950 dubie
2751 2896 2892 2964 quod
2915 2895 2966 2948 in
2996 2892 3182 2949 Grteco
3219 2892 3427 2947 inesset
3450 2892 3769 2944 Πεσσινουν-

2193 2976 2325 3030 τίων
2351 2976 2704 3047 μητρόπολις.

2268 3060 2404 3115 Ibid.
2423 3059 2932 3131 Ῥεγεμαυρέκιον.
2947 3058 3039 3114 Sic
3062 3073 3173 3114 mss
3203 3099 3218 3123 ,
3234 3057 3378 3113 unde
3402 3056 3576 3111 vicum
3597 3056 3771 3118 luisse,

2197 3158 2357 3212 quem
2386 3143 2563 3215 legere
2594 3160 2699 3199 non
2738 3145 2981 3207 tuemini,
3010 3152 3252 3211 apparet.

2218 3250 2229 3255 -
2267 3227 2404 3282 Ibid.
2442 3228 2806 3296 Πητινησός.
2832 3226 2947 3281 Νοιι
2973 3228 3079 3281 alia
3110 3236 3196 3281 est
3222 3241 3287 3279 ac
3309 3224 3583 3280 Ptolemaei
3614 3224 3773 3276 Πετι-

2195 3312 2364 3375 νισός,
2414 3311 2549 3378 sive,
2583 3319 2640 3363 ut
2678 3310 2848 3365 Palat.
2885 3321 2938 3367 et
2975 3310 3202 3366 Coislin.
3232 3324 3383 3372 mss.,
3412 3307 3771 3381 Πετενησσός.

2194 3393 2369 3448 Habet
2397 3404 2448 3449 et
2480 3393 2677 3449 Notitia
2712 3392 2828 3449 Jac.
2855 3393 3044 3454 Goari.

2267 3477 2689 3545 Ibid.Altbptor.
2724 3477 3012 3544 Putabam,
3050 3491 3170 3531 cum
3203 3474 3431 3547 primum
3471 3473 3580 3528 hoc
3617 3475 3779 3543 oppi-

2194 3560 2321 3615 dum
2350 3561 2778 3623 considerarem,
2800 3562 2973 3617 lucem
3007 3563 3136 3616 hinc
3160 3569 3325 3629 atque
3350 3557 3609 3614 auxilium
3639 3560 3782 3612 acci-

2196 3658 2325 3714 pere
2367 3642 2757 3700 Pbilostratum
2810 3644 2922 3701 Vit.
2964 3644 3200 3714 Sophist.
3251 3660 3312 3710 ιι,
3365 3643 3423 3697 11
3476 3657 3642 3713 posse
3687 3640 3778 3695 καὶ

2207 3726 2441 3792 Ἀκύλας
2472 3727 2501 3779 ὁ
2541 3728 2608 3782 ὲκ
2648 3729 2748 3798 τῆς
2790 3726 2956 3782 ἑώλου
2998 3726 3267 3790 Γαλατίας
3304 3745 3320 3781 :
3354 3728 3521 3780 latere
3550 3725 3695 3778 enim
3725 3724 3772 3777 in

2196 3825 2328 3867 voce
2374 3810 2539 3865 ἑώλου
2581 3810 2806 3867 Galatiae
2841 3812 3128 3880 quamdam
3163 3811 3355 3865 urbem
3399 3809 3600 3863 dudum
3642 3806 3771 3859 mihi

2196 3910 2609 3967 persuaseram,
2645 3896 2992 3966 mirabarque
3038 3895 3414 3961 doctissimum
3461 3891 3771 3951 Olearium,

2196 3991 2381 4050 spreta
2422 3980 2676 4035 Salmasii
2718 3978 3110 4043 admonitione,
3142 3977 3462 4032 orientalem
3507 3975 3770 4030 Galatiam

2195 4063 2443 4128 vertisse,
2479 4071 2536 4117 et
2573 4063 2720 4116 serio
2765 4061 3074 4117 defendisse
3108 4061 3274 4114 ἕωλον
3306 4058 3573 4113 Γαλατίαν
3604 4067 3772 4117 recte,

2196 4145 2241 4199 si
2273 4154 2580 4215 opponatur
2605 4144 2791 4200 Galliae
2825 4144 3122 4212 Eur-opicae,
3151 4141 3281 4203 dici,
3319 4140 3610 4210 pmserlitu
3642 4152 3773 4191 cum

2197 4242 2356 4283 nemo
2383 4228 2694 4283 Graecorum
2720 4228 2867 4294 (nam
2894 4225 3148 4296 Hesychii
3184 4226 3345 4279 verba
3371 4224 3622 4277 aliarsum
3647 4236 3775 4288 spe-

2181 4310 2362 4379 ctant)
2399 4321 2493 4364 aut
2533 4310 2794 4366 Galatiam
2826 4320 2916 4364 aut
2943 4311 3102 4363 aliam
3133 4308 3384 4377 quamvis
3414 4307 3479 4359 ad
3503 4307 3773 4359 orientem

2197 4398 2424 4463 positam
2455 4396 2728 4465 regionem
2757 4394 2849 4449 tali
2880 4393 3037 4449 titulo
3055 4392 3288 4447 ornarit.
3320 4389 3610 4457 Postquam
3641 4401 3775 4440 vero

2195 4477 2427 4549 Λίώριον
2462 4491 2689 4547 pravum
2725 4491 2849 4531 esse
2879 4474 3262 4539 animadverti,
3297 4471 3533 4541 suspicio
3559 4472 3779 4535 incidit,

2196 4560 2460 4618 fuissetue
2507 4560 2634 4618 olim
2687 4560 2752 4614 ὲκ
2800 4560 2902 4631 τῆς
2955 4557 3169 4613 Ὠλένου
3202 4556 3471 4617 Γαλατίας
3499 4556 3551 4607 in
3594 4550 3779 4606 Philo-

2194 4655 2395 4712 strato;
2425 4659 2584 4714 quam
2607 4642 2976 4712 conjecturam
3004 4641 3276 4697 Ptolemaei
3300 4639 3626 4695 auctoritate
3646 4651 3782 4689 eon-

2196 4729 2513 4793 stabiiitam,
2538 4730 2709 4784 donec
2741 4741 2873 4782 mss.
2906 4726 3052 4781 aliud
3082 4725 3369 4795 iusserint,
3402 4733 3779 4791 autspernen-

2196 4812 2321 4867 dam
2348 4814 2598 4868 arbitrer.
2623 4814 2681 4865 'A
2692 4811 2898 4882 μώρισν
2920 4811 3064 4866 idem
3089 4818 3255 4866 esum
3277 4807 3529 4878 Αίώριον,
3549 4807 3779 4875 ejusque

2194 4897 2373 4952 vitiosi
2403 4896 2578 4951 locum
2606 4913 2877 4968 occupare
2906 4897 3066 4953 debet
3097 4913 3111 4950 :
3139 4894 3239 4950 etsi
3265 4896 3411 4950 enim
3440 4892 3493 4946 id
3518 4891 3775 4960 oppidum

2196 4995 2225 5033 a
2262 4981 2445 5035 multis
2472 4979 2722 5050 Phrygia:
2754 4981 3033 5042 tribuitur,
3069 4977 3243 5032 serior
3285 4986 3468 5030 tamen
3496 4985 3632 5029 aetas
3661 4970 3774 5026 Ga-

2196 5062 2337 5117 latia:
2384 5062 2633 5117 secunda:
2688 5063 2998 5126 accensuit,
3053 5071 3115 5116 ut
3169 5059 3585 5127 Constantinop.
3645 5064 3773 5110 teri.

2196 5162 2249 5214 p.
2285 5145 2410 5210 672,
2441 5145 2528 5201 cui
2562 5144 2878 5199 Theodorus
2922 5144 3192 5215 Ἀμωρίου
3235 5142 3336 5213 τῆς
3375 5141 3636 5212 δευτέρας
3663 5137 3775 5192 τῶν

2196 5230 2452 5284 Γαλατῶν
2481 5229 2750 5299 ἐπαρχίας
2781 5229 3066 5284 scribendo
3090 5226 3267 5281 alluit.

2267 5311 2399 5369 Ibid.
2454 5310 2747 5378 Κλάνεος.
2803 5310 2895 5366 Sic
2924 5324 3081 5373 mss.,
3111 5323 3342 5380 quorum
3391 5305 3775 5362 auctoritatem

2195 5412 2299 5451 non
2321 5411 2440 5451 esse
2464 5397 2822 5465 Spernendam
2848 5392 3103 5449 Salomon
3130 5393 3373 5448 Κλανέου
3395 5391 3493 5460 τῆς
3514 5389 3777 5456 δευτέρας

2191 5479 2302 5533 τῶν
2345 5479 2600 5534 Γαλατῶν
2631 5477 2901 5549 ἐπαρχίας
2942 5477 3358 5545 Constantinop.
3391 5485 3519 5528 tert.
3563 5488 3620 5542 p.
3669 5471 3779 5526 561

2192 5571 2247 5619 et
2274 5562 2379 5617 672
2416 5573 2468 5617 et
2509 5562 2845 5633 Nicephorus
2872 5562 3115 5616 Κλανέου
3157 5556 3367 5615 Nicazu.
3403 5572 3517 5613 sec.
3564 5572 3618 5624 p.
3668 5554 3781 5609 555

2194 5647 2503 5704 ostendunt.
2537 5644 2677 5700 Mate
2706 5646 2823 5702 haec
2855 5645 2983 5700 urbs
3009 5660 3074 5699 ex
3103 5641 3436 5713 Geographia
3468 5639 3529 5695 S.
3561 5638 3773 5694 exulat.

2272 5728 2406 5787 Ibid.
2450 5727 2899 5800 Ῥεγετνακὰδη.
2929 5726 3047 5784 ltac
3072 5742 3205 5785 mss.
3233 5724 3503 5796 profertur
3528 5740 3545 5778 :
3587 5731 3777 5779 tamen
