3980 6210
270 291 408 357 1153

270 408 603 465 llolsteinius
646 408 698 463 in
746 408 1038 478 Geograph.
1081 406 1138 461 S.
1175 422 1335 459 manu
1373 416 1653 460 exaratum
1700 408 1853 460 codi~

266 491 681 549 cemTrocnada
710 495 824 545 sive
863 490 1288 561 Ῥεγετρόκναδα
1341 489 1597 557 prazl'erre
1647 501 1846 553 monet,

264 576 409 645 quod
438 576 555 629 sine
582 575 745 629 dubio
773 574 975 630 rectius
1003 584 1087 627 est
1120 592 1133 627 :
1160 588 1282 626 nam
1316 583 1373 626 et
1396 573 1658 641 Cyriacus
1712 572 1851 641 Τρο-

264 660 476 715 κνάδων
510 658 907 726 (ἔΙιιιΙιτθιὶοηψ.
940 657 1067 717 665,
1087 666 1139 711 et
1170 657 1489 710 Theodorus
1525 654 1849 724 Τροκνάδων

263 746 363 812 τῆς
386 741 647 810 δευτέρας
677 739 932 793 Γαλατῶν
957 741 1228 809 ἐπαρχίας
1247 737 1665 804 Constantinop.
1693 737 1849 789 tertio

267 840 319 893 p.
354 823 481 885 672,
511 832 564 877 et
597 823 762 877 Leon.
801 823 1124 893 Τροκνάδων
1161 821 1376 874 Νιοβιηο
1411 821 1712 886 εεειιηάορ.
1745 819 1850 872 555

265 904 579 959 subscribit.
614 904 880 968 Quoniam
927 919 1055 957 vero
1089 902 1372 971 Cyriacus,
1417 902 1570 968 cuius
1605 899 1845 963 memini,

265 987 600 1057 Τροκμάδων
638 988 688 1039 in
720 986 976 1041 Chalced.
1012 1002 1067 1055 p.
1103 986 1205 1038 125
1234 994 1289 1038 et
1319 984 1423 1038 509
1450 983 1670 1047 dicitur,
1712 982 1848 1036 forte

266 1072 559 1143 Τρόκμαδα
589 1071 940 1140 ιιι-ιιιειὶιειίιιι
959 1080 1020 1126 ut
1049 1087 1076 1123 a
1103 1068 1371 1131 Trocinis,
1397 1066 1552 1138 gente
1581 1067 1845 1131 Galatica,

269 1172 460 1208 nomen
494 1154 803 1209 descendat.

336 1238 450 1293 Col.
473 1238 592 1292 “9.
613 1234 1090 1301 Eeooachlaud
1110 1230 1666 1296 multumdisjunctam
1683 1233 1847 1287 fuisse

264 1338 292 1375 a
324 1323 665 1375 Gertnioruin
698 1322 937 1383 civitate,
988 1334 1055 1372 ex
1109 1316 1223 1370 Vita
1274 1317 1540 1370 Theodori
1604 1317 1847 1385 Syr-eota:

264 1421 314 1461 c.
333 1421 423 1459 vni
452 1413 693 1471 apparet.
714 1402 847 1471 Ejus
872 1402 1159 1469 episcopus
1188 1400 1411 1467 Aquilas
1432 1408 1515 1451 est
1543 1399 1593 1450 in
1618 1397 1846 1451 Chalce-

266 1490 391 1539 don.
444 1502 496 1554 p.
546 1486 671 1549 665,
724 1495 781 1537 ut
826 1498 1109 1553 perperam
1162 1483 1306 1536 nulla
1357 1482 1473 1549 ejus
1520 1481 1590 1534 sit
1619 1482 1757 1534 ratio
1792 1480 1844 1533 in

266 1567 595 1636 Geogrupliia
630 1566 689 1622 S.
728 1567 933 1621 habita.

336 1652 470 1706 Ibid.
505 1650 830 1720 Μυρικιῶν.
886 1650 997 1704 Iloc
1038 1663 1171 1703 mss.
1217 1648 1380 1713 dant;
1421 1661 1520 1700 nec
1552 1647 1844 1715 quidquam

265 1735 397 1789 mihi
435 1736 500 1788 de
547 1736 680 1789 urbe
726 1735 983 1797 innotuit,
1018 1747 1181 1801 quam
1221 1729 1336 1786 Jac.
1368 1728 1531 1785 Goari
1580 1728 1842 1783 Noti'iam

263 1831 369 1870 non
402 1832 624 1885 prorsus
644 1832 762 1871 eam
782 1817 1064 1871 damnare.

333 1900 468 1955 Ibid.
526 1901 768 1971 Γερμὶα.
827 1897 1272 1970 Γερμοκο).ώνεια
1330 1896 1548 1953 Notiiiw
1588 1895 1639 1951 J.
1678 1895 1842 1952 Goari

262 1999 318 2053 p.
352 1985 479 2050 544,
515 2000 617 2039 nec
660 1984 820 2050 male,
857 1993 914 2037 ιιι
957 1986 1021 2035 ad
1057 1982 1188 2036 Itin.
1226 1983 1351 2037 Ant.
1398 1998 1451 2049 p.
1487 1981 1587 2035 201
1616 1981 1841 2035 videbis.

261 2068 447 2123 Etate
475 2069 682 2123 scriore
708 2066 1166 2137 Illyri-angelorum
1212 2067 1429 2121 nomine
1477 2067 1590 2120 haec
1629 2066 1842 2119 colonia

262 2153 492 2207 celebris
523 2153 643 2207 fuit.
692 2152 1049 2221 Theophanes
1073 2167 1125 2221 p.
1150 2154 1257 2209 205
1289 2169 1304 2207 :
1342 2153 1607 2223 Ἀπῆλθεν
1636 2156 1663 2207 ὁ
1693 2155 1842 2224 βασι-

262 2239 387 2301 λεὺς
429 2236 807 2299 Ἰουστινιανὸς
839 2238 999 2306 χάριν
1029 2238 1192 2307 εὐχῆς
1221 2240 1278 2292 ὲν
1305 2241 1414 2298 τοῖς
1440 2239 1841 2307 Μυριαγγέλοις

263 2327 429 2394 ἧτουν
474 2327 529 2376 ὲν
569 2322 845 2391 Γερμίοις,
879 2322 1031 2374 πόλει
1062 2322 1160 2391 τῆς
1194 2322 1478 2386 Γαλατίας.
1512 2322 1665 2376 Fallit
1694 2324 1839 2376 'enim

262 2407 314 2459 .l.
345 2408 508 2470 Guar,
540 2422 659 2458 cum
690 2404 896 2475 Pythia:
929 2407 1189 2469 thermas,
1217 2406 1281 2459 de
1317 2408 1513 2474 quibus
1546 2405 1841 2474 Procopius

263 2490 425 2544 Fabr.
456 2489 651 2543 Justiti.
679 2504 730 2549 v,
768 2489 822 2548 3,
849 2487 1230 2555 intelligendas
1262 2498 1450 2542 censet
1482 2506 1495 2541 :
1528 2488 1629 2541 illa:
1671 2489 1724 2542 in
1750 2488 1841 2541 Bi-

266 2573 447 2643 thynia
474 2570 712 2637 fuerunt,
747 2569 961 2625 Germia
994 2569 1059 2623 16
1081 2570 1147 2622 Μ.
1185 2571 1290 2624 I’.a
1326 2570 1665 2625 Pessinunte.

337 2655 468 2710 Ibid.
531 2655 653 2707 Υπὸ
688 2654 1143 2723 κονσουλάριον.
1175 2653 1540 2724 Vespasianus
1561 2654 1842 2724 Cappado-

266 2741 365 2795 cia?
395 2750 615 2808 propter
632 2738 882 2791 assiduos
918 2739 1273 2791 barbarorum
1308 2739 1559 2793 incursus
1602 2737 1841 2804 legiones

266 2822 505 2886 addidit,
576 2818 1031 2888 consularemque
1097 2834 1361 2874 rectorem
1428 2821 1685 2890 imposuit
1745 2836 1841 2888 pro

265 2906 447 2974 equite
483 2905 749 2965 Romano,
782 2904 921 2971 apud
948 2902 1170 2956 Sueten.
1198 2917 1248 2958 c.
1284 2916 1401 2957 vni.
1435 2902 1547 2957 Sub
1576 2902 1843 2956 Constan-

268 2990 380 3041 tino
434 2985 673 3055 praesidi,
730 2984 884 3053 cujus
932 2986 983 3038 in
1038 2984 1076 3039 I.
1116 2984 1218 3049 41,
1257 2999 1306 3038 c.
1345 2986 1409 3038 de
1461 2984 1637 3038 libral.
1691 3000 1839 3038 caus.

266 3073 472 3127 mentio
500 3080 604 3135 est,
634 3070 845 3140 paruit;
873 3085 1045 3137 neque
1066 3069 1227 3124 alium
1257 3070 1436 3124 Basilii
1466 3070 1535 3124 Μ.
1557 3079 1646 3123 attt
1671 3068 1844 3136 Chry-

266 3155 488 3210 sostomi
513 3165 759 3223 tempore
792 3154 1164 3222 magistratum
1198 3155 1455 3208 habuisse
1484 3152 1716 3207 videtur.
1755 3151 1845 3204 Ille

268 3239 429 3306 epist.
463 3236 530 3289 78
563 3246 618 3288 et
658 3234 727 3292 94
768 3235 1005 3307 ἄρχοντα
1033 3237 1131 3305 τῆς
1176 3236 1444 3307 ἐπαρχίας
1476 3246 1530 3289 et
1577 3235 1736 3305 epist.
1778 3234 1846 3287 86

267 3320 534 3391 ἡγεμόνα,
575 3320 663 3374 hic
702 3319 947 3389 ἡγεμόνα
994 3320 1158 3388 epist.
1190 3334 1282 3372 xrv
1320 3335 1373 3389 p.
1411 3318 1514 3373 596
1550 3332 1673 3371 nov.
1710 3318 1842 3371 edit.

267 3411 565 3471 nuncupat.
592 3404 773 3457 Denuo
808 3402 1081 3457 consulari
1113 3404 1363 3457 mandata
1386 3410 1470 3456 est
1489 3416 1517 3454 ει
1542 3400 1845 3455 Theodosio

268 3488 528 3551 secundo,
567 3489 723 3556 cujus
759 3487 891 3541 mihi
943 3489 1017 3543 rei
1055 3496 1244 3541 auctor
1284 3497 1366 3542 est
1405 3486 1619 3539 Firmus
1657 3486 1843 3538 Cassa-

271 3569 465 3623 iiensis
500 3571 807 3635 epismpus,
840 3570 892 3622 in
924 3570 1168 3638 epistolis
1201 3610 1216 3632 ,
1258 3584 1392 3639 quas
1421 3568 1486 3623 A.
1523 3568 1845 3622 Muratorius

271 3652 323 3704 in
355 3652 603 3707 Aaecdol.
654 3655 822 3705 Crirc.
858 3653 1114 3720 vulgavit.
1157 3654 1248 3708 Sic
1274 3655 1416 3708 enim
1448 3654 1606 3723 epist.
1632 3668 1737 3706 xm
1779 3652 1844 3705 ad

271 3735 663 3789 Sotericltuui:
715 3736 986 3802 Ποιήσατε
1032 3735 1089 3787 δὲ
1143 3738 1276 3804 ἡμῖν
1326 3737 1421 3788 καὶ
1475 3735 1567 3786 τὸν
1613 3735 1846 3803 ἄρχοντα

272 3818 495 3888 μείζονα
530 3817 602 3887 μὴ
633 3815 711 3886 τῷ
740 3819 963 3886 ὀνόματι
996 3816 1175 3885 μόνον,
1198 3816 1332 3869 ἀλλὰ
1363 3817 1458 3868 καὶ
1489 3819 1554 3885 τῇ
1580 3815 1805 3884 δυνάμει
1830 3834 1844 3869 :

270 3918 394 3955 nam
429 3901 470 3953 si
503 3900 794 3967 provincia:
826 3898 1167 3967 praepositus,
1204 3912 1362 3965 quem
1391 3898 1675 3964 prtesidcm
1709 3897 1847 3950 vidi-

271 4000 414 4048 mus,
455 3984 611 4038 titulo
648 3983 1032 4037 excellentiore
1074 3982 1236 4036 fuerit
1267 3982 1518 4045 donatus,
1567 3982 1751 4050 utique
1782 3980 1847 4033 ad

270 4066 580 4121 consularis
607 4067 923 4136 dignitatem
949 4075 1171 4121 evectus
1195 4065 1297 4119 erit
1322 4066 1645 4118 censendus.
1676 4067 1851 4130 Atque

273 4152 372 4203 hoc
421 4150 581 4216 epist.
621 4163 707 4201 xw
754 4147 817 4200 ad
856 4147 1197 4203 Thalassium
1229 4148 1432 4202 clarius
1480 4148 1651 4201 innuit
1693 4166 1707 4201 :
1741 4146 1851 4200 Καὶ

269 4234 358 4285 τὸν
388 4233 646 4302 ἄρχοντα,
676 4232 734 4285 ὃν
782 4233 1207 4302 ἐπιφανέστερον
1245 4234 1376 4303 ἡμῖν
1420 4234 1726 4303 πεποίηκας
1784 4234 1848 4303 σῇ

275 4316 500 4385 σπουδῇ,
550 4316 776 4384 χάρισαι
827 4319 940 4378 τοῖς
981 4316 1323 4386 πράγμασιν,
1375 4315 1447 4379 ὡς
1505 4317 1852 4386 προσήκοντά

274 4414 383 4465 σοι,
426 4398 807 4465 γνωρίζεσθαι.
854 4400 1094 4453 Postulat
1140 4398 1355 4454 Firmus
1401 4409 1458 4453 ut
1502 4401 1851 4469 Cappadociae

274 4482 463 4552 prima:
504 4482 801 4537 consularis
845 4482 1091 4535 latiorem
1125 4496 1396 4552 campum,
1430 4483 1519 4536 ubi
1561 4498 1851 4540 excurrere

274 4564 394 4633 ejus
434 4565 605 4619 virtus
642 4574 697 4618 et
747 4565 1030 4634 prudentia
1065 4565 1264 4632 possit,
1296 4566 1547 4634 accipiat,
1585 4576 1745 4634 atque
1786 4567 1851 4621 ad

274 4661 396 4700 eum
423 4648 641 4700 redeant
666 4648 825 4701 urbes
847 4663 965 4715 qua:
989 4662 1017 4699 a
1044 4645 1269 4701 Valente
1291 4647 1613 4716 imperatore
1639 4649 1853 4703 fuerant

274 4729 548 4784 distractae
582 4740 635 4783 et
665 4730 879 4799 praesidi
922 4730 1275 4797 Cappadociae
1300 4732 1547 4783 secundm
1574 4730 1849 4797 subjectae.

208 4864 222 4879 ,
275 4816 348 4869 Ea
380 4825 463 4869 est
494 4815 762 4868 sententia
814 4814 1123 4877 verborum,
1158 4814 1222 4867 ad
1250 4827 1369 4882 quae
1403 4813 1481 4866 rir
1512 4815 1854 4870 doctissimus

275 4897 569 4953 olfendisse
598 4897 812 4952 videtur
838 4914 850 4950 :
877 4896 975 4959 Δὸς
1005 4896 1059 4950 δὲ
1085 4898 1178 4951 καὶ
1212 4896 1416 4950 πόλεων
1446 4897 1732 4968 προσθήκῃ
1757 4900 1854 4966 τὴν

275 4982 451 5051 ἀρχὴν
484 4980 850 5050 εὐθηνείσθαι,
903 4980 989 5033 ἵνα
1019 4998 1101 5033 σοι
1134 4980 1493 5050 περίϐλεπτος
1519 4980 1608 5035 διὰ
1639 4980 1856 5034 πάντων

277 5066 312 5133 ἡ
341 5062 539 5132 πατρὶς
565 5064 815 5135 γένηται.
846 5062 1017 5119 Recte
1045 5080 1173 5134 ergo
1210 5065 1548 5120 consularem
1581 5062 1855 5119 Hierocles

278 5148 407 5201 huic
438 5146 790 5214 Cappadocia:
835 5146 1019 5213 dedit;
1077 5162 1174 5202 uec
1213 5148 1506 5217 quidquam
1543 5147 1616 5201 illi
1662 5146 1858 5202 otiiciet

281 5228 459 5283 Nam.
492 5231 621 5298 imp.
661 5228 867 5285 Orient.
901 5244 954 5284 c.
1002 5231 1054 5297 I,
1087 5232 1172 5283 ubi
1218 5231 1429 5300 prasidi
1475 5233 1853 5297 committitur,

280 5313 440 5366 modo
476 5326 593 5365 eam
649 5309 955 5366 Theodosio
995 5313 1232 5368 secundo
1277 5323 1330 5369 et
1374 5312 1559 5369 Firmo
1603 5306 1857 5384 episcopo

278 5410 401 5451 esse
432 5396 666 5463 priorem
700 5396 1036 5451 memineris.

354 5478 486 5530 Ibid.
519 5476 860 5544 Καισάρεια.
893 5477 1033 5532 Olim
1062 5480 1224 5534 totius
1252 5480 1599 5550 Cappadocia:
1627 5479 1725 5534 fuit
1749 5496 1860 5535 me-

283 5562 529 5631 tropolis,
554 5564 649 5616 sed
677 5561 952 5630 provincia
985 5564 1036 5617 iu
1060 5567 1193 5619 duas
1219 5583 1245 5618 ιι
1280 5564 1503 5620 Valente
1535 5566 1858 5634 imperatore

283 5657 430 5699 secta
467 5647 604 5701 banc
627 5645 699 5701 illi
728 5646 1044 5713 dignitatem
1076 5647 1333 5702 invidisse
1367 5649 1549 5719 Tyana
1586 5650 1855 5705 Videntur.

287 5728 458 5784 Litcm
509 5730 611 5788 sub
673 5728 980 5787 Theodosio
1036 5731 1275 5787 secundo
1323 5734 1551 5803 Sopitam
1608 5732 1772 5790 fuisse
1806 5744 1859 5790 et

1111 293 1507 355 COMMEN'I‘.
1553 293 1632 353 IN
1677 292 2090 354 HIEROCLIS
2126 295 2662 360 SYNECDEMUM.

3384 299 3526 363 llM

1965 417 2204 462 veterem
2254 410 2616 477 dignationem
2673 413 2930 469 Cfesarem
2975 414 3266 469 stabilitam
3322 416 3541 478 Firmus

1957 492 2114 560 epist.
2157 493 2222 545 I7
2264 494 2483 549 indcat.
2521 495 2689 550 S.tam
2734 496 2898 551 fuisse
2922 498 2988 550 ad
3020 498 3266 563 Argaeum
3299 511 3535 554 montem

1958 586 2157 631 norunt
2194 592 2403 643 omnes,
2440 596 2544 633 non
2594 582 2719 633 item
2768 591 2986 649 propter
3034 581 3423 649 amplissimum
3462 584 3540 634 la-

1958 672 2104 721 cum,
2137 659 2227 729 qui
2265 662 2313 713 in
2350 661 2515 731 Ilalyn
2552 662 2843 727 inﬂuebat;
2879 677 3059 728 Opera:
3093 662 3271 732 itaque
3305 666 3535 731 pretium

1959 736 2118 791 fuerit
2170 743 2389 808 paulum
2424 745 2545 798 huic
2572 746 2643 797 rei
2673 745 2970 809 immorari,
2997 755 3049 797 et
3077 760 3194 812 qu:e
3233 746 3345 799 loca
3378 747 3540 816 Ilalys

1955 819 2198 887 pra-ﬂuat
2252 824 2551 895 inquirere.
2605 828 2777 883 Lacus
2828 830 3087 883 distincta
3146 830 3350 885 mentio
3397 831 3537 896 apud

1957 905 2274 958 Strabonem
2324 925 2420 971 xii,
2469 927 2521 978 p.
2559 913 2662 965 558
2706 923 2806 976 est,
2862 922 2914 966 et
2948 913 3210 965 incertum
3259 924 3535 967 auctorem

1955 987 2198 1050 epistola:
2251 1005 2372 1057 qua:
2415 992 2557 1045 inter
2602 993 2903 1048 Basilianas
2947 997 3255 1049 novissime
3288 999 3538 1051 editionis

1955 1069 2081 1123 565.
2140 1070 2186 1125 ls
2234 1088 2355 1127 cum
2422 1076 2710 1129 inzmauem
2772 1079 2911 1131 nivis
2986 1089 3037 1130 et
3089 1080 3284 1147 pluviae
3326 1083 3535 1148 copiam

1955 1152 2009 1203 in
2036 1169 2158 1205 eum
2197 1156 2468 1223 depluisse
2504 1170 2800 1222 narrasset,
2846 1160 3050 1230 ἁθρόοις
3092 1157 3184 1214 οὖν
3214 1168 3532 1231 γενομένης,

1956 1237 2253 1307 ἰιιιιιιίι,τῆς
2274 1239 2482 1309 τήξεως
2499 1241 2792 1295 ἀνείκαστα
2810 1244 3029 1313 ἐκινήθη
3048 1249 3312 1314 ῥεύματα,
3328 1247 3537 1314 ἀεννὰῳ

1953 1324 2187 1392 ποταμῷ
2224 1325 2729 1395 συνεπιμιγνύμενα
2753 1326 2830 1395 τῷ
2862 1327 3023 1379 "Aloi
3050 1330 3255 1397 ὲναύλῳ
3285 1348 3343 1381 τε
3372 1330 3481 1380 ὄντι
3520 1346 3533 1381 :

1953 1420 2056 1471 qua
2084 1406 2193 1457 nive
2224 1407 2393 1459 subito
2429 1407 2761 1475 liquescente,
2800 1411 2992 1478 ﬂuctus
3032 1411 3385 1472 incredibiles,
3419 1410 3536 1479 jugi

1952 1487 2112 1556 ﬂuvio
2147 1498 2301 1556 atque
2335 1499 2451 1541 arto
2491 1491 2634 1543 alveo
2674 1493 2842 1542 ruenti
2897 1491 3055 1559 Halyi
3098 1494 3385 1554 commixti,
3419 1509 3537 1545 sur-

1954 1584 2217 1626 rexerunt.
2246 1575 2377 1639 Quae
2413 1575 2625 1638 Halym,
2667 1574 2791 1628 licet
2835 1575 3136 1629 Cotelerius
3171 1585 3302 1629 tom.
3356 1594 3391 1629 ll
3424 1576 3535 1630 Mo-

1953 1670 2103 1709 num.
2140 1654 2311 1710 Griec.
2361 1673 2413 1727 p.
2450 1658 2517 1713 9'!
2560 1671 2615 1713 et
2667 1673 2904 1727 nuperus
2947 1659 3125 1711 editor
3175 1673 3297 1711 eum
3351 1660 3534 1714 videre

1952 1737 2246 1801 noluerint,
2299 1742 2439 1795 haud
2494 1744 2719 1795 multum
2770 1741 3015 1796 Czesarea
3071 1753 3369 1795 I‘CIIIO\'t".IlI.
3425 1742 3534 1796 Nec

1949 1818 2111 1881 alius,
2168 1831 2314 1900 puto,
2380 1833 2462 1878 est
2519 1826 2717 1892 γείτων
2786 1825 3050 1893 ποταμός,
3105 1824 3256 1892 cujus
3317 1824 3531 1878 Firmus

1950 1904 2109 1970 epist.
2162 1905 2250 1959 55.
2305 1907 2592 1972 meminit;
2632 1909 2733 1962 nisi
2788 1918 2841 1961 tu
2878 1908 3134 1962 liti-Ianem
3185 1922 3305 1962 i-sse
3354 1908 3531 1971 malis,

1950 2002 2108 2056 quem
2135 1987 2329 2043 Strabo
2363 2007 2461 2057 xu,
2486 2009 2537 2062 p.
2565 1992 2668 2047 538
2695 1994 2885 2046 stadiis
2916 1993 2983 2045 40
3015 1993 3082 2046 ab
3111 1994 3239 2044 urbe
3264 1993 3533 2045 scaturire

1950 2073 2207 2141 prodidit.
2238 2073 2391 2140 Quod
2425 2088 2701 2146 utcunque
2731 2078 3005 2142 ceciderit,
3038 2077 3220 2148 Halym
3257 2091 3384 2143 agro
3411 2091 3529 2139 sua,

1948 2157 2049 2209 etsi
2091 2173 2234 2226 Siepe
2271 2161 2798 2227 perincommodnm,
2847 2160 3209 2214 Caesarienses
3249 2159 3380 2225 eripi
3424 2175 3529 2211 non

1949 2240 2243 2307 patientur.
2269 2241 2382 2297 Huc
2416 2258 2446 2297 a
2475 2242 2720 2297 Sebastia
2748 2243 3034 2305 deﬂuebat,
3066 2243 3117 2296 in
3151 2243 3529 2295 Armeniorum

1949 2323 2153 2376 ditioue
2176 2334 2327 2380 ortus
2358 2345 2372 2381 :
2405 2322 2558 2389 οὗτος
2579 2329 2607 2380 ὁ
2644 2326 2815 2397 λοχῶν
2845 2328 2944 2392 (sic
2973 2343 3092 2379 cum
3128 2325 3533 2379 Hemstcrbusm

1948 2414 2136 2460 nostro
2175 2408 2292 2477 lege
2330 2425 2345 2463 :
2390 2425 2515 2463 nam
2553 2409 2733 2479 λαχὼν
2765 2410 2933 2462 multo
2979 2408 3372 2475 ineptissimum
3402 2408 3527 2473 est),

1949 2483 2102 2548 οὗτος
2133 2490 2161 2541 ὁ
2188 2490 2361 2561 λοχῶν
2399 2494 2553 2560 ἡμῖν,
2590 2491 3020 2559 iuquitcpistolze
3055 2491 3306 2556 scriptor,
3337 2490 3533 2555 γείτων

1950 2573 2217 2642 ποταμὸς,
2233 2573 2510 2649 ἐκϐλύζων
2534 2576 2629 2644 μὲν
2654 2578 2717 2628 ἐκ
2736 2576 2830 2644 τῆς
2848 2573 2953 2625 τῶν
2972 2571 3295 2641 ’Λρμενίων,
3316 2569 3535 2638 ἐμϐιϐα-

1948 2652 2175 2720 ζὸμενος
2197 2656 2250 2708 δὲ
2275 2656 2332 2707 ὲν
2350 2659 2415 2726 τῇ
2438 2658 2709 2728 ἱερωτάτῃ
2729 2658 2892 2729 λίμνῃ
2908 2657 3013 2709 τῶν
3038 2653 3389 2723 Σεϐαστηνῶν
3407 2671 3459 2705 κ.
3478 2652 3531 2709 λ.

1946 2734 2119 2805 Atque
2147 2740 2247 2792 hoc
2282 2753 2402 2793 cum
2436 2738 2704 2794 Strabone
2735 2756 2831 2805 xu,
2867 2740 3035 2807 p.546
3074 2740 3206 2792 bene
3238 2736 3370 2790 satis
3400 2750 3534 2789 con-

1953 2821 2102 2873 venit
2148 2837 2163 2874 :
2202 2819 2392 2891 Halym
2442 2824 2587 2876 enim
2637 2838 2701 2876 ex
2757 2837 2949 2891 magna
3000 2820 3337 2888 Cappadocia
3389 2819 3533 2872 circa

1951 2902 2363 2973 Cambyseuem,
2397 2905 2668 2959 Armenia:
2709 2906 3073 2958 coatributam
3099 2943 3112 2966 ,
3155 2903 3383 2955 derivat.
3425 2900 3534 2954 Nec

1950 2984 2109 3053 Ioiige
2135 2986 2311 3038 aberit
2346 2984 2652 3040 Herodotus
2686 3004 2722 3050 i,
2757 2987 2846 3049 72,
2884 2987 2928 3039 si
2965 3000 3058 3052 per
3090 2984 3376 3054 Ἀρμένιον
3409 2982 3535 3051 ὅρος

1952 3077 2188 3122 montem
2236 3069 2509 3123 Armenia:
2562 3070 2916 3123 intellexerit.
2972 3068 3186 3136 Optime
3237 3082 3363 3121 vero
3409 3082 3534 3121 cmn

1951 3148 2214 3221 Gregorio
2272 3150 2519 3220 Nysseno
2576 3152 2821 3219 epistolae
2870 3161 3059 3204 auctor
3100 3150 3392 3215 consentit,
3443 3151 3535 3218 qui

1952 3241 2093 3288 Orat.
2138 3233 2161 3286 1
2219 3235 2270 3287 iit
2302 3233 2373 3287 40
2410 3234 2632 3304 Martyr.
2684 3234 3013 3288 Sebasteuos
3042 3248 3094 3301 p.
3140 3232 3236 3286 501
3285 3249 3298 3283 ;
3335 3232 3536 3284 Τοῦτον

1952 3314 2096 3382 λέγω
2144 3316 2233 3368 τὸν
2268 3317 2486 3384 γείτονα
2518 3316 2782 3385 ποταμὸν,
2824 3317 2881 3379 ὃς
2937 3316 3024 3368 διὰ
3067 3317 3127 3368 τὸ
3164 3314 3394 3383 μέγεθος
3424 3316 3537 3377 τοῖς

1950 3399 2269 3467 ὁνομαστοῖς
2298 3401 2409 3453 τῶν
2438 3400 2581 3453 κατὰ
2612 3401 2709 3470 τὴν
2744 3400 3070 3470 οἰκουμένην
3130 3398 3398 3468 παταμῶν
3437 3399 3538 3450 ὲν-

1957 3484 2213 3554 αρίθμιος
2244 3485 2341 3545 ὢν,
2374 3485 2485 3537 ἀπὸ
2511 3485 2608 3554 τῆς
2648 3485 2923 3554 ἡμετέρας
2961 3483 3261 3554 ἀρχόμενος
3282 3484 3339 3535 ἐν
3360 3483 3539 3551 χρόνῳ

1952 3567 2288 3636 παραμείεει
2329 3569 2428 3637 τὴν
2478 3567 2653 3619 πόλιν.
2686 3566 2804 3621 Νοιι
2842 3567 2927 3620 ille
2956 3567 3174 3635 quidem
3214 3565 3402 3635 Halym
3441 3580 3534 3617 no-

1955 3653 2164 3717 minat;
2198 3656 2291 3706 sed
2329 3667 2429 3705 nec
2459 3654 2509 3705 in
2538 3651 2645 3706 Irin
2687 3667 2861 3720 neque
2892 3653 3091 3720 Lycum
3122 3651 3389 3719 quadrant
3414 3664 3533 3716 qua:

1955 3735 2019 3787 de
2045 3733 2208 3786 ﬂuvio
2232 3735 2492 3802 praedicat
2522 3751 2535 3786 :
2572 3741 2762 3786 neuter
2782 3734 2926 3786 enim
2965 3743 3072 3786 tam
3104 3733 3247 3801 large
3281 3740 3335 3786 et
3360 3733 3537 3798 ample

1954 3814 2110 3868 ﬂuxit
2160 3828 2217 3868 ut
2269 3830 2390 3868 cum
2434 3814 2784 3868 nobilissimis
2840 3814 2989 3868 orbis
3037 3824 3298 3867 terrarum
3361 3814 3538 3865 ttuviis

1955 3899 2204 3951 contendi
2237 3897 2424 3967 possit.
2467 3895 2524 3950 lu
2558 3895 2748 3967 Halym
2788 3897 3081 3951 convenire
3111 3910 3272 3948 nemo
3303 3908 3533 3963 negave-

1958 3981 2049 4034 rit.
2080 3979 2161 4035 Ne
2191 3981 2366 4034 dicam
2404 3980 2609 4034 nullius
2649 3980 2971 4035 auctoritate
3001 3980 3209 4048 liquere
3234 3977 3533 4032 Sebastiani

1958 4067 2103 4138 Lyco
2155 4067 2325 4121 fuisse
2380 4066 2714 4136 appositam;
2770 4067 2925 4135 cujus
2975 4064 3216 4120 fontibus
3266 4064 3539 4117 assidebat

1959 4149 2348 4217 Sebastopolis,
2399 4152 2448 4203 ni
2488 4149 2637 4203 fallat
2676 4149 3017 4211 Ptoleinmus,
3051 4163 3081 4201 a
3109 4164 3213 4216 qua
3243 4161 3433 4201 versiis
3458 4147 3539 4200 iii-

1960 4234 2215 4288 teriorein
2260 4233 2569 4287 Armeniam
2608 4232 2731 4300 plus
2770 4233 2840 4285 40
2884 4230 2951 4287 Μ.
2989 4232 3048 4286 Ρ.
3082 4231 3328 4284 Sebastia
3372 4230 3539 4284 dista-

1959 4318 2071 4371 bat.
2108 4314 2298 4386 Itaque
2352 4316 2395 4370 si
2440 4326 2585 4370 recte
2637 4316 2750 4369 btec
2780 4314 3191 4383 disputavimus,
3241 4328 3351 4366 non
3383 4313 3539 4367 \idco

1958 4388 2049 4469 qui
2082 4398 2330 4455 excusari
2365 4398 2572 4453 Plinius
2604 4401 2775 4467 possit
2809 4414 2880 4459 vt,
2911 4397 2947 4451 2
2977 4413 3188 4451 amnem
3218 4395 3405 4467 Halym
3444 4411 3539 4465 per

1959 4482 2273 4537 Cataoniam
2331 4483 2383 4534 in
2430 4482 2823 4550 Cappadociam
2870 4481 3168 4535 immittens
3214 4479 3541 4534 :detquerit.

1959 4568 2104 4621 enim
2136 4574 2347 4635 oportet
2380 4579 2445 4618 ex
2482 4564 2792 4632 regionibus
2819 4563 2976 4634 longe
3007 4563 3145 4617 ultra
3166 4562 3402 4616 Taurum
3438 4576 3537 4630 po-

1960 4651 2098 4714 sitis,
2124 4651 2391 4720 siquidem
2420 4648 2679 4703 Cataonia
2710 4648 3089 4716 Commagena:
3117 4648 3216 4702 fuit
3255 4657 3538 4718 praetenta.

1964 4734 2128 4787 Multo
2162 4735 2343 4785 minus
2376 4746 2495 4785 sese
2538 4734 2833 4785 tuebuntur
2862 4732 3193 4786 recentiores
3225 4730 3535 4800 geOgraphi,

1963 4817 2162 4885 passim
2210 4815 2314 4868 hoc
2355 4813 2554 4866 ﬂumen
2590 4828 2655 4867 ex
2685 4814 2871 4867 intima
2920 4814 3070 4877 Asia,
3107 4814 3384 4869 meridiem
3415 4828 3540 4879 spe-

1963 4911 2169 4964 ctante,
2202 4898 2510 4951 emittentes
2531 4906 2719 4950 contra
2757 4897 2971 4950 Arriani
3012 4900 3215 4951 monita
3250 4898 3303 4952 in
3339 4894 3539 4961 Peripl.

1965 4981 2124 5036 Ροηι.
2166 4980 2359 5036 Euxin.
2398 4995 2452 5049 p.
2494 4978 2562 5033 16
2595 4980 2680 5034 ed.
2712 4977 2912 5043 0x0n.,
2958 4995 3133 5049 neque
3178 4981 3358 5041 urbes,
3407 4993 3542 5046 quas

1965 5068 2095 5131 dixi,
2138 5066 2209 5120 illi
2243 5066 2608 5120 adstrueutes.
2632 5063 2923 5130 Caeterum,
2961 5065 3101 5134 quod
3146 5063 3535 5134 propemodum

1965 5149 2327 5218 neglexeram,
2354 5150 2403 5201 in
2424 5146 2669 5218 Gregorii
2694 5147 2918 5219 Nysseni
2945 5148 3124 5203 verbis
3145 5163 3250 5203 non
3281 5149 3337 5199 ὲν
3364 5148 3539 5217 κρίνῳ

1964 5236 2057 5288 sed
2090 5233 2147 5285 ἐν
2176 5230 2290 5302 χρῷ
2320 5230 2654 5302 παραμείόει
2681 5231 2843 5287 scribi
2872 5232 3050 5294 debet,
3078 5240 3135 5285 ut
3162 5230 3381 5299 pulchre
3412 5230 3543 5284 ami-

1965 5332 2058 5372 ως
2085 5324 2288 5369 noster.

2035 5400 2166 5455 Ibid.
2202 5401 2442 5455 Νύσσα.
2480 5399 2632 5454 Hanc
2663 5400 3008 5468 metropolin,
3040 5399 3134 5453 sed
3168 5397 3322 5453 titulo
3379 5407 3536 5452 tenus

1968 5485 2086 5540 sine
2124 5483 2289 5563 re‘ls.
2325 5484 2679 5540 Casaubonus
2725 5484 2779 5537 in
2806 5485 2969 5554 epist.
3020 5483 3262 5552 Gregorii
3306 5482 3535 5553 Nysseui

1967 5570 2033 5623 ad
2074 5568 2408 5622 Eustathiain
2440 5585 2491 5638 p.
2523 5569 2645 5622 116.
2671 5567 2843 5622 fuisse
2865 5569 3203 5631 autumabat,
3236 5570 3377 5637 quod
3398 5568 3537 5622 haud

1970 5652 2163 5722 injuria
2203 5653 2417 5720 negavit
2459 5652 2824 5720 Spanheinius
2885 5654 3111 5707 Dissert.
3148 5656 3179 5707 9
3226 5653 3292 5705 de
3344 5650 3448 5706 Usu
3479 5664 3537 5706 et

1970 5736 2160 5791 Ριευει.
2197 5732 2354 5790 Num.
2392 5751 2443 5806 p.
2472 5735 2596 5803 599,
2616 5735 2831 5793 tametsi
2873 5745 3016 5792 erret
3043 5735 3537 5812 vir_nobilissimu.=,
