3958 6216
512 290 655 355 1155

507 427 630 466 cum
669 408 1048 463 Casaubonum
1108 406 1182 461 ibi
1242 405 1448 476 fugisse
1491 407 1746 476 opinatur
1795 404 2088 459 Mocissum

500 492 680 548 tertiae
708 490 1064 560 Cappadociae
1089 487 1255 545 fuisse
1280 490 1606 557 metropolin
1646 510 1661 544 :
1698 491 1907 544 diserta
1934 488 2087 542 enim

507 575 626 643 ejus
654 573 782 628 inibi
822 572 1029 627 mentio
1060 581 1174 638 est;
1212 587 1313 627 nec
1350 587 1588 643 ttnquam
1627 573 1680 626 in
1714 572 1906 626 iisdem
1943 569 2087 624 notis

505 672 541 712 a
567 659 684 711 viro
712 670 930 726 magno,
971 655 1095 711 licet
1126 672 1156 711 a
1184 646 1516 727 spanhemio
1549 656 1869 722 aliirmetur,
1900 653 2085 709 tertia:

509 740 865 810 Cappadociae
922 741 1246 808 metropolin
1309 739 1541 811 Nyssam
1603 738 1775 793 fuisse
1827 738 2089 803 scriptum

508 824 733 879 memini
772 840 787 878 :
833 832 1044 878 tantum
1079 824 1372 879 honorario
1425 822 1788 893 metropoleos
1834 819 1992 875 titulo
2039 818 2092 871 in

510 923 668 962 conc.
699 909 1119 975 Constantinop.
1145 909 1391 963 secundo
1425 911 1843 962 condecoratam
1879 903 2095 957 Censuit

502 1002 580 1054 ob
634 999 919 1054 Socratem
962 998 1029 1051 Η.
1068 995 1133 1053 E.
1174 1015 1230 1061 v,
1278 1000 1311 1055 8
1336 1041 1351 1065 ,
1385 998 1473 1053 ubi
1499 1007 1675 1051 tamen
1728 992 2093 1066 πατριαρχίαι

511 1098 612 1136 nec
667 1082 999 1151 metropoles
1056 1097 1158 1136 nec
1206 1081 1626 1151 patriarcltatus,
1680 1093 1818 1147 quos
1875 1084 2091 1141 vocant,

508 1164 606 1219 sed
636 1165 873 1235 regimen
910 1179 973 1218 ac
1007 1164 1483 1235 gubernationem,
1518 1173 1577 1217 ut
1617 1163 1755 1217 bene
1782 1159 1948 1215 Henr.
1987 1158 2097 1213 Va-

502 1246 702 1311 .lesius,
742 1256 951 1302 notant.

580 1331 699 1386 Col.
730 1330 852 1385 ita.
888 1329 1099 1396 θέρμη.
1138 1325 1294 1394 Vide,
1327 1326 1454 1382 Ant.
1487 1326 1611 1382 ltin.
1640 1342 1692 1398 p.
1722 1325 1849 1382 202.

580 1413 715 1469 Ibid.
759 1410 1253 1482 Ῥεγεποὸανδός.
1296 1410 1414 1464 Vita
1462 1410 1715 1481 Eutycltii
1765 1409 2094 1481 patriarcha;

501 1494 778 1565 'Cpolitani
818 1509 969 1547 ε..ιί
1004 1507 1019 1545 :
1052 1492 1282 1564 ’Έτερός
1315 1509 1401 1555 τις
1456 1494 1743 1561 ἄνθρωπος
1774 1489 1906 1565 ἦλθε
1959 1493 2096 1564 πρὸς

508 1580 602 1632 τὸν
629 1579 794 1643 ὅσιον,
814 1576 992 1645 λέγων
1011 1575 1202 1630 ἑαυτὸν
1230 1574 1338 1629 ἀπὸ
1365 1575 1638 1645 Κομανῶν
1654 1570 1793 1629 εἶναι
1810 1575 1900 1628 τοῦ
1928 1578 2094 1630 πολυ-

512 1658 698 1715 ανδοῦ.
729 1659 823 1715 Sic
854 1660 915 1715 D.
950 1658 1357 1727 l'npetnocliius
1391 1658 1655 1722 correxit,
1712 1674 1834 1714 cum
1870 1659 1923 1713 in
1959 1675 2091 1715 mss.

508 1745 853 1815 πολυάνδρου
885 1744 1180 1813 legeretur,
1222 1742 1482 1811 deceptus
1526 1753 1781 1810 corrupta
1815 1742 2095 1799 Ptolemazi

511 1830 804 1898 scriptura.
840 1826 969 1881 Mihi
1016 1826 1242 1882 omnino
1281 1825 1389 1880 ἀπὸ
1428 1826 1621 1897 κώμης
1668 1826 1973 1897 Ποδανδροῦ
2000 1827 2096 1884 de-

512 1912 657 1966 disse
682 1912 1007 1981 scriptorem
1037 1909 1319 1980 probabile
1362 1910 1458 1963 tit:
1489 1925 1664 1976 neque
1682 1911 1825 1964 enim
1852 1912 2095 1965 Cumana

507 1993 776 2049 Podaudo
808 1995 957 2049 fuere
981 1992 1194 2065 juncta.
1236 1992 1396 2046 Plura
1448 1994 1503 2047 itt
1547 1992 1762 2049 Hieros.
1796 2003 1851 2050 et
1892 1996 2095 2051 Anton.

506 2076 696 2132 itiner.
734 2093 786 2147 p.
824 2076 927 2130 H9.
956 2087 1010 2130 et
1034 2072 1160 2129 578.

581 2157 719 2213 Ibid.
745 2157 1181 2223 Καππαδοκίας
1212 2157 1294 2223 β’.
1326 2157 1578 2215 Secunda
1608 2161 1726 2217 haec
1747 2160 2094 2233 Cappadocia

504 2241 781 2311 originem
812 2256 965 2296 suam
998 2239 1159 2297 debet
1185 2239 1399 2298 Valenti
1439 2244 1778 2313 imperatori,
1816 2247 1907 2315 qui
1943 2246 2086 2302 circa

510 2338 713 2377 annum
756 2322 855 2377 571
917 2338 1061 2389 eam,
1099 2325 1295 2396 prima:
1331 2327 1655 2382 distractam
1680 2369 1696 2393 ,
1740 2327 1945 2400 Tyttuis
1979 2339 2098 2385 tan-

508 2421 673 2474 quam
709 2408 995 2477 metropoli
1029 2409 1258 2466 addixit.
1281 2410 1514 2465 Basilius
1537 2426 1656 2466 eam
1689 2412 1973 2483 mgerrime
2010 2423 2097 2469 tu-

513 2489 575 2543 lit
615 2489 965 2558 divisionem,
999 2498 1057 2544 ttt
1094 2491 1209 2560 ejus
1269 2493 1431 2562 epist.
1466 2493 1535 2548 74
1584 2503 1639 2547 et
1692 2495 1762 2550 75
1793 2505 2095 2567 testantur;

508 2581 775 2643 tantoque
808 2575 980 2644 magis
1003 2574 1145 2643 quod
1182 2574 1473 2631 Antttimns
1501 2574 1831 2647 Tyanensis,
1855 2580 1998 2635 civili
2032 2596 2098 2636 ea

505 2654 781 2711 divisione
815 2657 1088 2723 instituta,
1146 2657 1313 2710 multa
1345 2658 1448 2711 sibi
1489 2666 1769 2727 arrogaret
1806 2668 1861 2713 et
1893 2663 2099 2719 reditus

505 2740 759 2793 ecclesiae
788 2739 1146 2794 Caesariensis
1196 2740 1558 2795 intervertere
1609 2751 1925 2809 conaretur,
1991 2761 2097 2814 qua

507 2820 578 2873 de
597 2834 655 2874 re
683 2820 974 2890 Gregorius
995 2819 1376 2878 Nazianzenus
1400 2833 1542 2878 orat.
1571 2824 1643 2880 20
1675 2843 1726 2896 p.
1753 2825 1860 2882 355
1914 2830 2101 2885 rectis-

514 2903 651 2957 sime
687 2917 816 2958 vero
846 2917 948 2958 ms.
983 2904 1123 2958 hanc
1168 2904 1568 2976 Cappadociam
1616 2911 1855 2981 praesidi,
1891 2914 2099 2984 pariter

509 2996 574 3041 ut
602 2985 778 3040 Notit.
810 2986 939 3056 imp.
972 2986 1183 3043 Orieut.
1221 3004 1272 3043 c.
1308 2992 1361 3056 1,
1393 2994 1635 3048 mandat.

585 3069 725 3125 Ibid.
785 3071 1002 3126 Τύανα.
1059 3072 1355 3144 Gregorius
1403 3074 1780 3133 Nazianzenus
1836 3080 1996 3151 epist.
2029 3082 2100 3138 55

508 3155 641 3210 νέαν
691 3156 1073 3226 μητρόπολιν,
1132 3158 1438 3229 cujusmodi
1494 3159 1609 3229 ejus
1664 3172 1827 3219 aitate
1869 3179 1926 3220 re
1972 3180 2099 3221 vera

511 3247 654 3304 erat,
690 3239 947 3310 appellat.
1002 3239 1156 3297 Adde
1187 3251 1330 3297 orat.
1359 3241 1453 3307 20,
1487 3258 1542 3313 p.
1591 3244 1698 3300 355
1734 3255 1790 3301 et
1842 3246 1976 3303 Itin.
2025 3251 2098 3305 Η.

514 3338 569 3393 p.
603 3322 728 3390 577,
762 3332 816 3378 et
853 3324 918 3378 de
956 3322 1328 3395 Fattstinopoli
1360 3324 1489 3381 Ant.
1523 3328 1643 3381 Itin.
1680 3345 1734 3399 p.
1774 3330 1899 3388 “5.

584 3404 718 3461 Ibid.
748 3408 1069 3473 Κύϐιστρα.
1097 3408 1271 3462 Situm
1303 3409 1494 3464 Cicero
1523 3410 1625 3479 Ep.
1661 3427 1750 3477 xv,
1785 3414 1816 3468 1
1848 3414 1918 3469 ad
1939 3415 2100 3472 Cato-

512 3502 638 3543 nem
688 3489 868 3560 signat
908 3505 922 3542 :
966 3487 1160 3558 Itaque
1214 3492 1269 3543 in
1335 3490 1673 3561 Cappadocia
1711 3506 1947 3561 extrema
1997 3516 2100 3556 non

509 3572 690 3652 Ionge_
712 3587 744 3652 α
806 3569 986 3624 Tauro
1025 3572 1167 3639 apud
1199 3573 1447 3642 oppidum
1502 3574 1749 3646 Cybistra
1773 3591 1947 3635 castra
1974 3582 2097 3652 feci,

512 3659 571 3703 ut
588 3662 633 3704 et
653 3650 897 3706 Ciliciam
921 3660 1097 3708 tuerer
1119 3666 1166 3709 et
1199 3653 1596 3725 Cappadociam
1625 3671 1805 3718 tenens
1826 3679 1956 3719 nova
1975 3650 2101 3736 ﬁui-

506 3738 760 3792 simorum
786 3739 1010 3794 consilia
1044 3741 1378 3813 impedirem.

583 3820 718 3878 Ibid.
752 3821 1093 3892 Ναζὶανζός.
1127 3826 1427 3898 Gregorius
1455 3827 1721 3886 Nazianz.
1754 3832 1913 3904 epist.
1944 3835 2014 3892 50
2031 3835 2099 3892 ab

511 3908 760 3978 Olympio
795 3907 1128 3965 Nazianzum
1161 3914 1350 3982 prima:
1379 3914 1740 3986 Cappadociae
1781 3922 2096 3978 attributam

512 3994 703 4076 tuisse,
740 3994 833 4047 sed
862 4009 984 4048 mox
1011 3994 1063 4049 in
1095 3997 1346 4052 secunda:
1372 3999 1631 4055 ditionem
1668 4001 1896 4058 rediisse
1926 4005 2099 4076 signi-

513 4075 660 4139 Iicat;
692 4074 748 4128 in
789 4091 891 4145 qua
918 4077 992 4129 ad
1032 4076 1327 4133 Iustiniani
1353 4089 1594 4151 tempora
1626 4085 1847 4151 mansit,
1878 4074 2097 4155 quando

511 4155 771 4223 Mucisso,
813 4161 987 4215 tertia‘
1016 4162 1371 4233 Cappadocia:
1407 4173 1518 4218 tum
1554 4168 1864 4224 constituta:
1897 4179 2098 4228 metro-

510 4240 650 4324 poli,
673 4242 886 4324 subdita
919 4253 1001 4297 est
1027 4259 1043 4310 ;
1074 4246 1218 4301 unde
1259 4244 1600 4304 Theodosius
1629 4247 1852 4306 Mucissi
1887 4254 2098 4324 episcn-
2130 4292 2141 4305 .

510 4338 610 4409 pus
630 4323 850 4396 (Collat.
880 4325 915 4379 5
934 4326 1126 4398 synodi
1150 4327 1625 4402 Constantinopol.
1662 4337 1911 4390 secundus
2003 4337 2094 4409 97)

507 4408 604 4460 sub
627 4424 741 4460 mea
770 4409 1170 4478 gubernatione,
1209 4412 1386 4482 inquit
1411 4451 1427 4477 ,
1490 4417 1646 4470 modo
1685 4426 1761 4472 est
1795 4418 2021 4476 Dahara
2045 4408 2094 4477 et

515 4488 842 4557 Naziauzos,
874 4493 968 4547 sub
996 4511 1099 4563 qua
1152 4494 1426 4552 Nazianzo
1454 4510 1501 4552 et
1530 4499 1793 4556 Arianzos
1831 4482 2094 4573 pra'dium

511 4577 856 4629 constitutum
878 4586 975 4631 est.
1016 4577 1073 4631 ld
1103 4580 1172 4632 ab
1200 4581 1450 4635 instituto
1493 4591 1679 4637 nostro
1709 4585 1942 4641 alienum
1982 4604 2091 4643 non

517 4656 645 4720 erit,
671 4658 714 4711 si
739 4659 1080 4726 inquiramus
1122 4676 1189 4713 an
1222 4660 1531 4720 Nazianzus
1564 4666 1755 4721 eadem
1780 4684 1845 4723 ac
1880 4670 2093 4727 Diocze-

512 4750 693 4805 sarea,
722 4741 878 4810 cujus
911 4741 964 4794 in
1011 4741 1348 4813 Cappadocia
1399 4744 1728 4806 Ptolemmus
1773 4763 1830 4807 et
1881 4753 2089 4812 Plinius

512 4823 894 4908 meminerunt,
920 4824 1103 4882 fuerit.
1141 4826 1406 4886 Baronius
1443 4833 1741 4891 cardinalis
1762 4835 1815 4891 in
1839 4837 2087 4908 Gregorii

513 4905 663 4972 Vita,
696 4923 815 4978 qua!
839 4926 867 4963 a
891 4908 960 4963 D.
1005 4908 1382 4983 Papebrocbio
1406 4913 1477 4969 IX
1512 4915 1637 4972 Maii
1691 4931 1775 4975 est
1813 4905 1980 4989 edita,
2014 4922 2089 4979 ita

507 4995 756 5059 censuit;
789 5005 844 5049 et
882 4995 1067 5051 favere
1092 4999 1337 5068 opinioni
1376 4999 1672 5071 Gregorius
1700 5006 1936 5070 videtur,
1966 5023 2089 5064 cum

508 5075 576 5165 de
615 5092 674 5131 se
705 5093 877 5165 carm.
909 5094 962 5144 ν,
989 5079 1060 5134 25
1092 5081 1427 5154 εΓρηγορίου
1465 5088 1749 5157 μνήσαιτο,
1778 5091 1869 5143 τὸν
1892 5091 2089 5165 ἔτρεφε

511 5161 971 5217 Καππαδόκεσσιν
1023 5165 1056 5234 ἡ
1104 5166 1513 5239 Διοκαισαρέων
1561 5170 1718 5243 ὀλίγη
1777 5161 1965 5238 πόλις.⁷
2018 5161 2089 5232 Se

505 5244 650 5296 enim
685 5243 1038 5302 Dioca'sareae
1077 5248 1340 5304 nutritum
1368 5252 1541 5317 canit,
1573 5270 1733 5323 quem
1764 5269 1972 5314 certum
2002 5270 2090 5316 est

507 5327 763 5412 Nazianzi
802 5332 1265 5412 praecipiteJuisse
1304 5337 1593 5393 educatum
1629 5350 1791 5409 atque
1811 5347 2084 5404 edoctum.

508 5410 625 5465 Ilnc
657 5417 793 5469 adde
830 5410 1181 5475 Dioca’sarcm
1212 5420 1415 5474 nullam
1459 5422 1510 5475 iit
1549 5425 1905 5483 conciliorum
1934 5431 2083 5488 Actis

506 5507 560 5551 et
591 5496 813 5555 Notitiis
863 5518 985 5558 case
1026 5506 1375 5572 mentionem,
1408 5505 1741 5573 frequentera
1784 5510 2078 5584 Nazianzi;

505 5585 650 5649 quod
698 5587 883 5655 utique
920 5590 1224 5643 mirandum
1275 5589 1436 5657 fut-ct,
1478 5594 1521 5645 si
1553 5592 1782 5649 diversae
1828 5597 2079 5655 fuissent.

510 5663 746 5752 Necdum
779 5679 954 5725 tamen
989 5674 1074 5727 Itis
1109 5690 1328 5728 moveor
1353 5686 1408 5728 ιιι
1450 5690 1573 5730 cum
1613 5678 1890 5736 cardittalc
1933 5684 2083 5752 paria

511 5749 704 5803 laciam
732 5766 747 5802 :
776 5752 960 5809 ultima
989 5757 1134 5812 cnim
1164 5758 1303 5815 ratio
1328 5759 1459 5818 levis
1477 5769 1576 5816 est.
1607 5760 1871 5832 siquidem
1897 5749 2083 5837 plures

1568 288 1948 351 ADDENDA.
1989 309 2060 327 -ο
2096 285 2162 347 Ρ.

2203 284 2715 347 WESSELINGII
2899 290 2905 296 ’
3704 282 3727 344 I
3745 284 3811 345 lT-i

2211 403 2391 466 urbes,
2422 403 2631 457 nobiles
2653 400 2807 466 olim,
2862 400 2914 453 in
2954 398 3177 454 Notitiis
3202 408 3255 454 et
3306 398 3579 455 conciliis
3620 400 3813 456 nufh

2203 487 2306 541 sibi
2340 488 2653 556 episcopum
2688 486 2913 548 habent,
2953 498 3132 553 neque
3160 483 3295 556 adeo
3334 486 3405 539 de
3458 487 3814 542 Dine-29m

2203 572 2548 635 mirabimur,
2580 584 2701 640 qua:
2759 583 2924 637 parva
2977 568 3273 622 admodum
3314 580 3459 632 erat,
3541 569 3815 639 Gregorio

2203 670 2373 708 carm.
2406 668 2597 718 xxxiii,
2637 654 2689 706 in
2722 650 2988 707 Anecdot.
3028 651 3206 706 Gra'c.
3245 649 3576 718 Muratorii,
3636 660 3811 708 teste.

2204 737 2411 792 ’1“υτθδν
2475 737 2577 806 μὲν
2612 735 2954 806 πτολίεθρον,
2990 735 3133 806 ἀτὰρ
3189 735 3360 789 πολὺν
3405 738 3608 808 ἀνέρα
3673 738 3813 791 δέπκτ

2205 820 2445 891 βήμασιν
2478 820 2721 889 ἱθυδῐκης
2747 821 2781 891 ή
2825 819 3260 890 Διοκαισαρέων,
3300 821 3713 892 Ἀμφίλοχονο
3744 828 3815 876 Al-

2206 916 2318 960 tera
2356 904 2662 975 speciosior
2713 914 2800 958 est
2843 904 2982 959 :sed
3021 918 3147 958 cum
3203 904 3428 958 Arianzi
3493 906 3817 976 Gregorius

2205 989 2369 1043 fuerit
2425 997 2609 1052 natus,
2651 988 2816 1058 idque
2872 987 3139 1058 praedium
3198 1004 3355 1059 teque
3391 986 3718 1045 Nazianzo
3768 1010 3817 1047 as

2205 1071 2560 1127 Dioraesareae
2598 1070 2765 1126 fuerit
2794 1071 3032 1127 vicinum
3056 1113 3072 1137 ,
3118 1070 3234 1125 lieri
3285 1073 3483 1141 utique
3545 1076 3750 1141 potuit
3774 1088 3819 1125 ιι

2204 1155 2596 1221 Dim-aesareae,
2646 1165 2942 1225 antequam
2986 1166 3146 1225 pater
3197 1154 3482 1209 Nazianzo
3513 1158 3817 1226 epist-ops

2205 1241 2452 1305 daretur,
2489 1241 2812 1295 nutriretur.
2856 1240 3044 1295 Vicina
3081 1250 3262 1294 autem
3295 1242 3503 1310 Oppida
3542 1242 3731 1297 fuisse
3754 1259 3813 1296 ex

2203 1323 2495 1378 Ptolemch
2517 1337 2569 1390 ν,
2588 1322 2620 1378 6
2642 1322 2938 1395 colligitur,
2970 1323 3061 1377 ubi
3080 1323 3385 1379 arctissime
3403 1323 3816 1381 Diocesarcaa

2203 1415 2259 1460 et
2300 1403 2638 1462 Neanessum
2690 1408 2825 1472 sive,
2865 1416 2924 1461 ut
2976 1420 3079 1461 ms.
3112 1403 3451 1473 Nanessum,
3494 1424 3667 1477 quam
3703 1407 3817 1461 Na-

2206 1491 2456 1545 zianzum
2497 1505 2617 1546 esse
2664 1490 2862 1547 debere
2917 1491 3049 1546 mihi
3105 1494 3435 1563 persuadeo,
3485 1493 3707 1563 jungit.
3742 1496 3817 1545 Ad

2207 1575 2330 1639 ltnc,
2367 1576 2499 1631 nihil
2530 1575 2827 1645 Gregorius
2860 1592 2946 1648 ep.
2978 1576 3072 1643 49,
3108 1592 3213 1647 qua
3260 1594 3360 1648 pro
3401 1579 3815 1634 Dioczesarien-

2207 1658 2739 1728 sibus-deprecatur,
2771 1659 2837 1715 de
2889 1668 3043 1729 patre
3076 1674 3176 1715 suo
3208 1672 3493 1728 matreve;
3531 1664 3693 1732 quod
3725 1676 3815 1714 ar-

2206 1752 2520 1811 gumentum
2560 1741 2906 1811 aptissimum
2922 1743 3196 1797 'Iueratad
3228 1744 3367 1799 iram
3388 1742 3635 1815 Olympii
3665 1746 3810 1798 ωοι.

2206 1824 2461 1907 liendatn.
2484 1824 2576 1878 Ait
2605 1834 2868 1895 praeterea
2895 1840 2955 1880 se
2988 1826 3335 1882 Dioctesaretn
3390 1828 3506 1883 Deo
3534 1833 3811 1901 templum

2206 1906 2518 1975 excitasse;
2568 1910 2710 1977 quod
2765 1909 2810 1964 si
2859 1910 3049 1964 eadem
3109 1923 3175 1964 ac
3210 1908 3515 1965 Nazianzus
3571 1912 3809 1982 {oret,s

2208 2004 2339 2046 vero
2376 1992 2685 2048 discederet
2717 2006 2732 2051 :
2770 1993 3052 2049 basilicam
3078 1992 3279 2065 quippe
3305 1996 3422 2048 miri
3451 1998 3655 2066 operis
3714 2016 3813 2068 pa-

2210 2082 2293 2128 ter
2318 2074 2435 2145 ejus
2466 2074 2722 2129 Nazianzi
2753 2076 3026 2132 exstruxit
3069 2086 3129 2130 ut
3173 2085 3311 2133 orat.
3341 2076 3425 2157 19,
3454 2094 3516 2148 p.
3550 2080 3673 2136 515
3714 2084 3814 2139 do-
3920 2152 3921 2159 γ

2205 2172 2423 2215 cemur.
2461 2159 2537 2216 De
2569 2160 2800 2217 Sasimis
2842 2160 2977 2218 Itin.
3010 2163 3209 2217 Anton.
3250 2178 3305 2232 p.
3337 2151 3463 2219 114.

2280 2257 2415 2314 Ibid.
2443 2261 2785 2329 Παρνασός.
2820 2260 3034 2317 Gentile
3084 2261 3249 2332 hujus
3282 2261 3691 2335 Παρνασσηνός
3723 2276 3803 2322 est

2210 2341 2264 2397 in
2296 2342 2481 2398 Basilii
2502 2345 2665 2413 epist.
2698 2345 2834 2400 259.
2866 2344 3000 2399 Vide
3026 2344 3151 2399 Itin.
3183 2344 3250 2398 Ii.
3283 2361 3336 2416 p.
3365 2346 3497 2401 576.

2280 2439 2415 2496 Ibid.
2447 2440 2824 2513 Ῥεγεδόαρα.
2859 2441 3023 2497 Vicus
3052 2441 3180 2496 olim
3210 2452 3355 2511 erat,
3390 2446 3540 2502 unde
3570 2446 3801 2505 Basilius

2209 2526 2370 2595 epist.
2396 2525 2504 2580 259
2542 2527 2602 2578 ἐν
2624 2525 2849 2597 Δοάροις
2879 2528 2946 2597 τῇ
2979 2525 3163 2597 κώμῃ.
3192 2526 3339 2581 Idem
3372 2528 3690 2599 episcopum
3721 2531 3795 2586 illi

2209 2606 2516 2678 imposuit,
2561 2623 2667 2677 qua
2726 2608 3022 2663 occasione
3071 2605 3367 2679 Gregorius
3417 2609 3793 2669 Nazianzenus

2207 2695 2509 2747 orationem
2552 2692 2622 2747 30
2654 2691 2930 2757 recitavit,
2966 2694 3045 2746 uti
3079 2693 3144 2745 ad
3171 2708 3289 2746 eam
3321 2693 3473 2750 Elias
3516 2697 3787 2753 Cretcnsis

2208 2774 2615 2837 animadvertit.
2650 2773 2762 2830 Nec
2788 2776 3011 2831 vincere
3051 2785 3229 2829 tamen
3260 2776 3501 2832 Basilius
3533 2779 3715 2846 potuit
3734 2790 3788 2834 ut

2211 2857 2397 2927 prima:
2440 2856 2798 2927 Cappadociae
2860 2857 3096 2933 ascripta
3136 2869 3418 2925 maneret,
3482 2861 3531 2915 si
3576 2863 3787 2932 quidem

2210 2941 2488 3014 Tyanettsi
2523 2941 2781 3012 deinceps
2838 2940 3053 2996 subdita
3087 2942 3213 3008 I'uit,
3252 2951 3312 2996 ut
3342 2958 3467 2998 mox
3502 2945 3784 2999 videbitur.

2280 3036 2418 3092 Ibid.
2437 3036 2967 3105 Ῥεγεκουκουσός.
2995 3038 3230 3094 Omnino
3256 3039 3665 3110 Ῥεγεμωκισός
3681 3043 3789 3096 sive

2228 3121 2656 3192 Ῥεγεμουκισός
2703 3120 2806 3190 legi
2845 3132 3064 3192 Oportet
3108 3138 3124 3175 :
3162 3137 3285 3195 nam
3315 3133 3369 3177 et
3402 3124 3787 3180 Constantinus

2214 3203 2512 3274 imperator
2546 3203 2583 3260 l.
2621 3205 2678 3267 I,
2736 3201 2931 3260 Tlteut.
2982 3203 3019 3257 2
3049 3204 3309 3258 Μωκισόν
3356 3206 3482 3262 hinc
3516 3208 3710 3270 habet,
3740 3217 3789 3260 et

2210 3287 2458 3344 Cucusus
2486 3286 2760 3342 Armenia:
2808 3287 3064 3341 secundae
3116 3285 3241 3341 fuit.
3277 3286 3580 3360 Procopius
3624 3289 3783 3346 Fabi.

2208 3369 2346 3428 Just.
2385 3388 2440 3435 ν.
2475 3373 2511 3426 4
2539 3370 2818 3427 castellum
2844 3370 3220 3441 Cappadocia,
3261 3373 3422 3440 plano
3450 3374 3571 3428 solo
3601 3377 3781 3435 situm,

2208 3456 2307 3522 ait,
2338 3465 2500 3525 atque
2526 3456 2593 3510 ab
2617 3454 2926 3511 Iustiniano
2962 3460 3350 3510 instauratntn:
3386 3452 3494 3510 Ἦν
3520 3459 3588 3511 δέ
3632 3478 3690 3514 τι
3729 3462 3781 3512 ὲν

2208 3541 2613 3603 Καππαδόκαις
2646 3541 2928 3612 φρούριον,
2968 3539 3242 3610 Μωκησδς
3266 3538 3452 3610 ὄνομα,
3477 3542 3534 3595 ὲν
3572 3542 3680 3612 μὲν
3715 3543 3787 3612 τῷ

2208 3623 2405 3695 ὁμαλεῖ
2449 3625 2727 3695 κείμενον.
2786 3622 2898 3679 Nec
2939 3624 3177 3679 restituit
3211 3632 3415 3677 tantum
3455 3625 3778 3695 imperator,

2208 3708 2306 3765 sed
2340 3722 2439 3764 suo
2474 3709 2692 3763 nomine
2719 3707 2931 3772 urbem,
2975 3706 3148 3762 tertias
3176 3705 3530 3777 Cappadocia:
3579 3720 3779 3765 metro-

2209 3792 2359 3861 polin
2402 3791 2740 3861 impositam,
2788 3791 3052 3846 illustrem
3103 3805 3225 3846 esse
3255 3790 3444 3861 jussit.
3481 3789 3621 3847 Hinc
3659 3795 3777 3849 Col-

2207 3877 2307 3932 lat.
2335 3876 2370 3932 5
2405 3874 2603 3931 concil.
2627 3875 3045 3945 Constantinop.
3088 3890 3202 3940 sec,
3233 3891 3290 3945 p.
3316 3875 3388 3930 96
3419 3888 3435 3933 :
3473 3876 3539 3931 In
3570 3878 3662 3931 illo
3684 3895 3775 3932 au-

2209 3968 2315 4014 tem
2345 3970 2573 4028 tempore
2598 3958 2694 4013 sub
2759 3957 3023 4029 Tyanensi
3068 3959 3286 4040 civitatg
3332 3969 3445 4013 erat
3483 3970 3533 4013 et
3570 3961 3776 4014 Delum

2206 4053 2255 4097 et
2286 4040 2601 4096 Naziansus
2637 4057 2797 4110 usque
2844 4040 2915 4094 ad
2952 4050 3188 4112 tempora
3225 4042 3388 4111 hujus
3431 4044 3509 4111 pii
3550 4045 3769 4112 imperii.

2211 4126 2499 4181 Piissimus
2528 4139 2701 4180 autem
2731 4127 3020 4194 imperator
3053 4141 3171 4179 cum
3207 4128 3612 4195 metropolitano
3648 4129 3773 4195 jura

2205 4211 2434 4265 dedisset
2495 4210 2737 4275 ciuitati,
2770 4222 2886 4278 quas
2931 4209 3194 4279 quondam
3245 4211 3456 4279 quidem
3499 4207 3771 4275 Hucissos,

2206 4311 2347 4349 nunc
2377 4310 2496 4348 vero
2520 4293 2970 4361 Justiuianopolis
3005 4304 3366 4362 nuncupatur,
3402 4310 3520 4347 cum
3547 4296 3676 4350 aliis
3706 4296 3773 4348 ci-

2205 4380 2455 4435 vitatibus
2493 4389 2543 4434 et
2581 4378 2796 4433 Doltara
2827 4387 2875 4432 et
2906 4376 3243 4432 Naziattzum
3274 4379 3495 4449 subjecit
3523 4380 3594 4434 ei.

2274 4491 2392 4548 Col.
2447 4490 2574 4546 I52.
2613 4489 3069 4545 Ἑλενοπόντου.
3128 4489 3222 4545 Sic
3267 4500 3475 4561 oportet
3515 4505 3578 4545 ex
3642 4492 3774 4546 Con-

2202 4577 2447 4630 stantino
2478 4575 2513 4630 l.
2549 4575 2602 4639 1,
2632 4572 2829 4628 Tltem.
2869 4573 2924 4636 2,
2953 4573 3096 4640 quod
3127 4572 3199 4627 illi
3234 4589 3427 4629 nomen
3467 4573 3535 4627 ab
3572 4572 3771 4629 Helena

2204 4659 2551 4729 imperatoris
2582 4657 2926 4712 Constantini
2952 4656 3024 4712 bl;
3057 4667 3252 4724 matre,
3274 4659 3487 4713 venisse
3514 4657 3770 4714 Iustinia-

2204 4758 2307 4798 nus
2343 4742 2475 4799 Nov.
2502 4740 2574 4796 ‘28
2603 4755 2656 4797 c.
2695 4741 2719 4795 I
2763 4741 3023 4798 afﬁrmat.
3054 4742 3265 4796 Notitia
3288 4742 3419 4812 imp.
3443 4741 3652 4799 Orienl.
3676 4760 3724 4799 c.
3751 4744 3767 4795 l

2203 4826 2905 4905 praesidivllelenopontum
2958 4826 3270 4892 committit,
3322 4841 3481 4894 quem
3521 4825 3770 4882 Iustinia-

2203 4930 2326 4978 nus,
2365 4912 2567 4967 abtlilo
2598 4910 2759 4965 Ponti
2791 4909 3157 4966 Polemoniaci
3187 4909 3343 4964 titulo
3373 4909 3605 4980 ejusque
3639 4909 3772 4965 urbi-

2202 4998 2304 5051 bus
2380 4995 2505 5050 huic
2562 4993 2858 5065 provinciae
2917 4993 3243 5049 contributis
3284 5031 3300 5058 ,
3376 4992 3768 5049 moderatorem

2201 5081 2430 5135 creavit.

2272 5177 2406 5232 Ibid.
2447 5174 2725 5245 Ἀμασία.
2794 5173 3111 5243 Metropolis
3162 5171 3522 5244 Helenoponti
3579 5173 3769 5228 dicitur

2198 5258 2458 5332 Gregorio
2487 5258 2732 5331 Nysseno
2756 5266 2897 5312 orat.
2932 5259 2998 5313 de
3021 5257 3307 5314 Theodoro
3334 5271 3389 5326 p.
3426 5255 3554 5323 582,
3596 5254 3765 5310 Nocet.

2196 5348 2289 5414 ‘28,
2320 5360 2370 5402 c.
2402 5348 2459 5410 9.,
2484 5354 2539 5399 et
2570 5346 2621 5397 in
2658 5341 2777 5398 Vita
2803 5341 3055 5414 Eutycltii
3085 5358 3132 5397 c.
3183 5342 3236 5397 6.
3279 5339 3411 5396 Acta
3466 5338 3526 5395 S.
3580 5338 3764 5395 Basilci

2198 5448 2247 5486 c.
2281 5432 2314 5487 5
2342 5431 2475 5487 satis
2504 5429 2755 5499 ambigue
2791 5428 3131 5500 μητρόπολιν
3159 5429 3258 5498 τῆς
3289 5426 3563 5496 Ποντικῆς
3602 5428 3765 5495 ἔπειρε

2197 5516 2320 5587 χίας
2351 5514 2619 5584 appellant
2649 5530 2662 5566 :
2693 5512 2913 5567 dubites
2937 5514 3080 5567 enim
3105 5509 3455 5566 dimccsitnne
3472 5508 3762 5568 Ponticam,

2196 5600 2350 5670 cujus
2373 5595 2687 5665 metropolis
2708 5595 2979 5661 Cmsarea,
3006 5613 3073 5650 an
3107 5596 3535 5667 llelenoponlum
3573 5593 3765 5649 intelli-

2194 5693 2343 5756 gant.
2372 5681 2720 5751 Μητρόπολις
2745 5679 2936 5752 πρώτη
2971 5680 3167 5733 πόντου
3187 5679 3431 5751 pluribus
3454 5679 3507 5733 in
3537 5675 3766 5732 nummis

2196 5766 2336 5840 apud
2365 5764 2717 5843 _Ilarduinutn
2764 5773 2820 5821 et
2864 5764 2929 5822 N.
2982 5763 3268 5837 llnymium
3324 5774 3457 5820 tom.
3509 5759 3555 5817 ll
3618 5757 3763 5817 Thes.
