3980 6210
283 271 418 336 ne:

281 386 494 440 Britan.
522 397 574 451 [ι.
596 379 720 435 9:52.
747 379 919 433 Situm
947 377 1094 432 urbis
1113 381 1522 434 accuratissime
1540 381 1739 437 Strabo
1759 398 1856 442 xu.

279 486 333 538 p.
371 467 468 520 651
516 463 829 530 (Inscripsit,

349 549 468 604 Col.
513 547 637 602 1252.
681 548 896 612 Ἵϐυριι.
946 542 1170 598 Rectum
1207 544 1430 614 Ἴεωρα,
1459 557 1509 598 et
1542 562 1605 599 ex
1653 556 1791 600 Orat.
1831 549 1863 600 5

279 632 524 703 Gregorii
551 631 774 702 Nysseni
805 632 856 684 in
896 631 963 684 40
989 630 1092 683 Mai
1112 642 1212 700 lyr.
1254 647 1305 700 p.
1341 631 1468 692 212,
1495 633 1582 685 ubi
1609 632 1865 703 πολίχνην

279 724 460 777 \orat,
527 713 934 782 apertissimum
977 723 1079 778 cst,
1131 722 1294 781 atque
1349 728 1414 766 ex
1465 714 1716 783 Eutychii
1756 716 1857 769 Vit.

280 816 332 852 e.
366 796 688 862 II,et'Nov.
718 795 810 849 28.
845 797 1164 864 Appositum
1201 795 1456 864 Oppidum
1487 805 1605 848 erat
1650 795 1865 850 Euxino

279 890 446 950 ponto
472 879 610 945 apud
639 876 1000 930 Sozomenum
1041 876 1110 928 11.
1151 875 1218 932 E.
1257 892 1332 941 γι,
1361 875 1452 941 50,
1488 877 1589 929 etsi
1625 880 1762 930 male
1796 879 1864 931 ibi

279 974 440 1030 atque
493 961 634 1026 apud
689 959 984 1020 Palladium
1037 957 1266 1027 Ἰϐήρων
1315 958 1505 1021 item:
1548 959 1674 1012 hinc
1719 960 1864 1012 enim

279 1045 450 1098 fuisse
477 1044 792 1112 Evagrium,
829 1056 935 1110 quo
963 1041 1028 1094 de
1064 1041 1332 1094 duumviri
1370 1041 1472 1103 illi,
1501 1042 1866 1111 Hieronymus

281 1130 444 1195 epist.
503 1128 567 1178 ad
623 1124 1031 1192 Ctesiphontem
1087 1123 1377 1192 significat.
1426 1121 1596 1191 Vulgo
1645 1124 1863 1191 quidem

282 1209 641 1280 llyperbori'a
685 1207 756 1260 ibi
791 1208 960 1270 audit,
989 1207 1134 1275 quod
1163 1205 1287 1272 jure
1319 1204 1563 1259 Valesius
1600 1206 1653 1258 in
1693 1206 1864 1258 Sozo-

281 1309 501 1348 menum
560 1301 614 1346 et
683 1288 1001 1341 Bosweidns
1060 1291 1113 1340 in
1187 1286 1487 1340 Palladium
1551 1299 1864 1350 mutarunt,

281 1377 500 1444 quando
535 1381 588 1427 et
631 1387 732 1425 ms.
775 1367 1438 1424 CorbeiensisIliberitam
1491 1385 1587 1436 pro
1623 1367 1865 1422 Iliborita

281 1465 541 1512 ostentat.
559 1454 785 1508 Photius
809 1453 1017 1514 πόλεως
1040 1452 1398 1522 Ἰὅώρωνοτῆς
1437 1451 1868 1520 Ἑλλησποντίων

283 1537 551 1608 ἐπαρχίας
593 1535 823 1591 concilio
865 1535 1283 1604 Constantinop.
1331 1534 1487 1588 tertio
1521 1549 1576 1603 p.
1628 1532 1732 1586 670
1772 1547 1868 1604 pro

297 1620 747 1675 Ἐλεκθοποντίων.
782 1618 1006 1673 dicitur.

356 1707 492 1760 Ibid.
522 1703 716 1772 Ζῆλα.
768 1703 920 1756 Haud
959 1701 1188 1756 nmltom
1238 1701 1428 1754 aberat
1473 1699 1710 1754 Amasia.
1747 1701 1869 1755 Vita

287 1789 533 1860 Eutychii
562 1803 612 1842 e.
645 1787 678 1840 6
713 1804 726 1840 :
752 1785 986 1854 Πολίχνη
1006 1785 1090 1848 τίς
1121 1787 1264 1851 ἐστι,
1295 1784 1442 1855 Ζῆλα
1464 1801 1869 1854 προσαγορευο-

289 1873 450 1943 μένη,
493 1868 793 1940 γειτνιάζει
853 1869 908 1922 δὲ
939 1871 1004 1939 τῇ
1051 1870 1388 1940 μητροπόλει
1417 1868 1704 1941 Ἀμασείᾳ.
1740 1869 1868 1922 Plu-

287 1956 504 2009 tarchus
539 1953 740 2007 ϐαθεῖαν.
775 1967 826 2020 p.
867 1952 962 2006 751
1011 1951 1165 2005 πόλιν
1215 1951 1392 2022 Ζήλαν
1425 1964 1606 2016 vocat,
1636 1967 1870 2022 cumque

285 2050 512 2094 vetusta:
551 2037 706 2091 IIirtii
741 2041 806 2091 de
840 2037 981 2091 bello
1008 2037 1303 2091 Alexandr.
1339 2052 1388 2091 c.
1424 2036 1492 2089 7:2
1522 2036 1788 2092 editiones
1815 2045 1872 2092 et

289 2111 396 2177 ιῐιέ.
428 2119 647 2174 Norric.
681 2119 864 2172 Zelam
899 2119 1211 2184 exhibeant,
1237 2119 1286 2172 id
1317 2134 1346 2171 a
1381 2119 1597 2172 Davisio
1627 2117 1868 2183 defendi,

292 2224 464 2277 neque.
496 2207 669 2278 Ζίηλσ.
689 2206 982 2260 Plutarcho
1007 2217 1062 2261 et
1099 2206 1253 2261 Dioni
1284 2205 1548 2260 iucolcari
1581 2206 1869 2262 debuerat.

290 2291 568 2359 Stephano
597 2288 834 2357 Ποντικὴ
868 2289 1038 2359 Ζῆλα.

360 2374 491 2428 Ibid.
525 2371 764 2426 Σάλτον
786 2374 1081 2440 Ζαλίχην.
1111 2373 1200 2427 Sic
1235 2388 1362 2427 mss.
1395 2383 1449 2428 et
1497 2383 1667 2439 recte,
1710 2373 1870 2427 modo

294 2458 495 2520 Σάλτος
541 2455 782 2526 Ζαλίχης
837 2456 1156 2526 retingatur.
1193 2457 1384 2508 Putem
1420 2457 1607 2512 urbem
1649 2455 1874 2510 saltibus

290 2540 459 2594 luisse
492 2537 809 2602 incinctam,
851 2545 906 2590 et
939 2547 1224 2607 propterea
1264 2538 1465 2591 Σάλτον
1496 2538 1758 2606 praeponi.
1792 2536 1875 2589 Ni-

290 2636 444 2678 czeno
490 2621 720 2674 concilio
772 2621 1013 2675 secundo
1051 2620 1398 2674 Andronicus
1436 2620 1722 2690 presbyter
1776 2634 1874 2674 no-

293 2707 439 2758 mine
467 2701 689 2756 Joannis
736 2702 974 2770 epis‘COpi
1029 2702 1273 2772 Ζαλίχων
1322 2717 1376 2772 p.
1419 2701 1525 2756 555
1551 2701 1872 2766 subscribi,

294 2785 388 2854 qui
423 2801 541 2838 cum
569 2799 622 2851 p.
675 2782 779 2837 163
817 2785 1098 2853 presbyter
1155 2783 1571 2846 Λεοντοπόλεως
1623 2784 1742 2854 ἦτοι
1774 2785 1875 2837 Ζα-

294 2869 446 2938 λίχου
506 2868 740 2931 dicatur,
774 2876 960 2920 certus
1012 2865 1166 2920 nobis
1220 2867 1379 2920 index
1443 2876 1529 2921 est
1573 2882 1678 2920 non
1710 2867 1874 2919 aliam

294 2962 458 3018 alqtr:
503 2950 643 3004 hanc
669 2948 1028 3017 Leontopolin
1057 2963 1200 3014 esse,
1241 2948 1398 3017 cujus
1430 2950 1725 3016 imperator
1760 2947 1876 3000 Νυ-

293 3033 433 3088 vella
481 3033 551 3087 88
591 3032 980 3087 commeminit.
1030 3032 1357 3102 Corruptum
1409 3045 1552 3099 saepe
1590 3029 1640 3084 id
1677 3044 1878 3082 nomen

294 3122 379 3169 est
443 3116 493 3167 in
543 3113 658 3166 Vita
708 3112 955 3182 Eulychii
991 3127 1039 3165 c.
1079 3127 1115 3166 Il
1142 3152 1158 3177 ,
1195 3113 1284 3167 ubi
1322 3112 1600 3164 Amazeno
1627 3109 1878 3165 subditus

294 3199 580 3265 episcopus
601 3194 703 3265 τῆς
735 3197 844 3248 τῶν
891 3193 1216 3265 Λαζιχηνῶν
1245 3195 1456 3258 πόλεως
1516 3203 1571 3246 et
1624 3192 1878 3262 Λαςίχων

296 3281 558 3352 προεδρία
591 3286 646 3334 et
694 3278 788 3332 τοῦ
832 3278 1070 3348 Λαςίχου
1116 3277 1415 3346 ὲπισκοπή.
1475 3276 1637 3331 Forte
1670 3285 1724 3330 et
1777 3277 1882 3328 huc

300 3361 584 3418 referenda
625 3370 708 3417 est
745 3363 921 3416 oratio
953 3377 1072 3431 qua:
1102 3360 1304 3416 Basilio
1331 3359 1402 3414 M.
1441 3369 1573 3415 tom.
1599 3359 1664 3422 lI,
1693 3375 1744 3429 p.
1777 3359 1882 3412 587

299 3445 576 3510 tribuitur,
605 3445 667 3497 ὲν
695 3444 989 3508 Λακίζοις·
1039 3447 1184 3513 quod
1215 3453 1336 3499 utut
1368 3443 1490 3509 fuit,
1527 3443 1722 3514 negligi
1753 3443 1881 3496 urbs

300 3525 353 3580 in
383 3527 719 3597 Geographia
751 3525 810 3581 S.
848 3543 953 3581 non
985 3537 1326 3597 oportuerat.
1713 3565 1716 3568 η

372 3610 510 3664 Ibid.
552 3610 880 3677 Ἀνδραπα.
917 3609 1085 3680 Ilujus
1131 3613 1417 3680 episc0pus
1448 3610 1696 3665 Paralius
1757 3609 1882 3664 Ἀνο

302 3692 527 3762 δρὰπων
575 3693 674 3759 τῆς
714 3693 1112 3762 Ἑλλησπόντου
1139 3696 1259 3763 (pro
1295 3693 1706 3756 Ἐλενοπόντου,
1740 3692 1882 3759 quod

304 3793 403 3831 nec
455 3776 511 3828 L.
555 3775 909 3828 IIolsteiniutn
962 3776 1029 3827 ad
1079 3774 1268 3844 Geogr.
1324 3776 1387 3829 δ.
1442 3775 1608 3844 fugit)
1645 3775 1878 3826 concilio

304 3861 576 3926 Ephesino
615 3873 667 3926 p.
702 3857 806 3912 458
838 3857 1055 3911 dicitur.
1095 3859 1243 3910 Adde
1273 3858 1339 3910 de
1368 3859 1501 3909 urbe
1541 3857 1674 3908 Acta
1704 3855 1876 3925 Hesy-

303 3942 410 3995 chii
462 3939 852 4009 Thanmaturgi
919 3954 981 3991 ex
1034 3939 1339 4008 Synaxario
1395 3939 1584 3992 Grseco
1615 3936 1676 3990 Vl
1725 3936 1881 3990 Mart.

303 4025 494 4093 Opctis
527 4024 881 4088 Sanctorum,
921 4021 1007 4074 ubi
1043 4025 1219 4089 plura.

376 4104 509 4160 Ibid.
531 4106 783 4173 Ἀμισός.
805 4103 1164 4158 Cottstantino
1187 4105 1221 4158 Ι.
1249 4103 1298 4169 I,
1323 4103 1514 4158 Them.
1539 4105 1573 4158 2
1607 4103 1882 4174 ’Aplvoog,

304 4201 359 4244 et
391 4190 594 4249 SUItlil',
645 4189 787 4240 haud
820 4203 953 4239 sane
1001 4189 1158 4239 bene.
1196 4189 1398 4239 Aberat
1440 4187 1660 4240 Amisua
1697 4186 1886 4239 stadiis

305 4261 408 4328 000
438 4271 673 4342 Synope,
709 4279 766 4324 ut
796 4285 826 4325 e
859 4269 1114 4324 Straboni
1147 4286 1244 4324 χιι.
1273 4285 1328 4340 p.
1358 4268 1462 4325 547
1502 4271 1736 4340 prodidit
1763 4269 1884 4323 Ste-

308 4357 538 4425 phanus.

382 4437 516 4490 Ibid.
553 4437 804 4503 Σινόπη.
843 4436 1087 4505 Σινώπη,
1117 4443 1173 4489 ιιι
1204 4450 1286 4488 ms
1309 4433 1611 4489 Leidensis.
1644 4435 1884 4488 Nobilem

309 4524 451 4577 hanc
496 4522 704 4587 urbem,
743 4522 1042 4592 peninsulae
1100 4520 1431 4591 impositam,
1467 4521 1663 4575 Strabo
1700 4537 1798 4585 an,
1831 4538 1884 4590 p.

312 4606 418 4660 515
451 4606 734 4672 destribit,
793 4617 849 4660 et
898 4605 1194 4660 Turnefort
1224 4605 1384 4673 epist.
1447 4620 1559 4657 xrlt
1607 4621 1659 4673 p.
1693 4605 1781 4659 9t.
1814 4608 1887 4660 De

311 4688 681 4744 conditoribus
721 4688 1048 4743 scholiastcs
1082 4687 1348 4756 Apollonii
1382 4701 1442 4750 ιι,
1477 4686 1601 4740 9-18.

384 4772 521 4828 Ibid.
547 4774 778 4826 Πόντου
811 4770 1292 4840 Πολεμωνιακοῦ.
1327 4769 1371 4822 A
1403 4771 1708 4829 Polemone,
1731 4767 1887 4822 Ponti

315 4857 474 4926 hujus
513 4870 659 4924 rege,
713 4870 907 4910 nomen
962 4855 1010 4909 ei
1042 4856 1256 4908 veniSse
1299 4851 1636 4905 Justinianus
1671 4850 1890 4904 Norella

313 4939 385 4994 28
411 4954 460 4993 c.
509 4939 531 4992 1
577 4939 803 4992 indicat.
840 4937 1142 4991 Provinciis
1180 4936 1525 4990 annumerari
1567 4947 1776 5003 emptus
1810 4943 1892 4986 cst

315 5024 418 5078 sub
471 5021 705 5086 Nerone,
739 5021 827 5089 qui
867 5020 1027 5074 Ponti
1071 5035 1316 5090 regnum,
1373 5019 1703 5072 concedente
1735 5016 1890 5071 Pole-

318 5120 502 5168 mone,
538 5105 589 5157 in
636 5103 931 5172 provincia:
964 5103 1197 5157 formam
1235 5102 1442 5170 redegit
1475 5100 1616 5170 apud
1665 5100 1888 5154 Sueten.

317 5206 366 5247 c.
403 5189 489 5245 18.
526 5187 752 5243 Praesidi
794 5188 977 5244 itidem
1009 5187 1299 5242 mandatur
1329 5185 1381 5239 in
1422 5184 1594 5238 Notit.
1639 5186 1762 5254 imp.
1794 5185 1889 5238 0r.

317 5289 367 5330 ο.
406 5289 447 5327 I.

392 5357 523 5410 Ibid.
539 5353 988 5422 Νεοκαισάρεια.
1018 5354 1304 5408 KOINON.
1327 5354 1890 5410 NEOKAIJUIITPO.

319 5441 454 5492 vidit
485 5441 536 5493 in
570 5454 791 5493 nummo
820 5439 1056 5493 Mediceo
1101 5438 1431 5492 Ilolsteinins
1452 5479 1466 5501 ,
1497 5437 1582 5492 cui
1621 5441 1891 5506 geminum

1079 301 1083 306 -
1125 269 1510 332 CUItII-‘IENT.
1558 271 1638 329 IN
1683 272 2094 334 IIIEROCLIS
2135 275 2677 337 SYNECDEMUM.

3400 275 3540 345 1158

1976 385 2305 454 περιοικίδος
2332 388 2536 449 haberi,
2579 403 2642 440 ac
2675 403 2703 440 a
2743 388 3112 443 Romanorum
3151 390 3388 458 Caesare,
3444 396 3549 449 loci

1973 470 2286 523 amtrnitate
2323 480 2521 538 capto,
2557 486 2695 525 novo
2733 473 2953 526 nomine
3005 488 3128 528 esse
3162 475 3416 530 donatam
3455 494 3540 532 re-

1972 553 2094 606 fert.
2133 553 2338 608 Plinius
2367 553 2570 624 Lycum
2611 556 2806 610 ﬂtitnen
2841 556 3026 610 urbem
3078 559 3362 625 pratﬂnere
3390 576 3464 625 vr,
3508 562 3544 615 5

1972 637 2235 704 ιιίιὶιιιιιειις
2291 639 2433 705 quod
2485 647 2663 691 utrum
2691 653 2877 692 verum
2923 641 3148 694 omnino
3190 644 3262 696 sit
3314 643 3549 710 dubites,

1970 721 2268 786 praesertim
2319 721 2362 774 si
2391 736 2512 773 cum
2565 721 2760 774 radere
2805 719 3215 776 Neoczesarearn
3272 725 3548 795 inteligas.

1970 800 2101 852 Nam
2155 818 2348 868 agrum
2407 803 2562 859 urbis
2614 804 2823 857 allnere
2881 806 3173 860 manifesto
3223 822 3288 861 ex
3351 814 3540 863 eadem

1972 880 2355 952 'I‘hanmatnrgi
2389 883 2505 937 Vita
2536 902 2584 952 p.
2621 885 2724 939 557
2751 886 3043 954 colligitur.
3077 886 3364 943 Dnbitandi
3417 905 3552 944 cau-

1970 978 2043 1018 aa:
2077 975 2222 1027 sunt,
2251 965 2394 1033 quod
2430 965 2706 1034 Nyssenus
2737 967 3048 1038 Gregorius,
3087 970 3276 1024 urbem
3327 973 3552 1040 ejusque

1970 1047 2131 1101 situm
2178 1047 2522 1112 describens,
2559 1051 2693 1104 nihil
2723 1051 2791 1106 de
2829 1052 2975 1121 Lyco
3012 1065 3292 1108 memoret.
3320 1055 3553 1111 Pra'ter-

1969 1144 2031 1182 ea
2070 1129 2315 1200 Gregorii
2364 1129 2531 1185 frater
2567 1130 2797 1187 Basilius
2831 1137 2991 1204 epist.
3029 1136 3133 1190 210
3153 1142 3292 1206 apud
3328 1137 3554 1193 Neocae—

1969 1215 2244 1269 sarienses
2264 1215 2316 1268 in
2340 1216 2473 1268 aviae
2505 1215 2710 1270 mdibus
2732 1226 2786 1269 et
2818 1219 2943 1272 dein
2968 1221 3019 1272 in
3048 1223 3380 1274 monasterio
3407 1221 3552 1274 inel-

1973 1306 2085 1350 ttnn
2135 1313 2192 1351 se
2239 1297 2501 1367 temporis
2540 1298 2864 1352 contrivisse
2903 1309 3135 1354 testatur
3171 1317 3185 1359 ;
3228 1304 3372 1370 atqui
3416 1304 3546 1356 illud

1971 1381 2357 1434 monasterium
2407 1392 2631 1449 propter
2662 1379 2866 1434 Iridem
2915 1381 3114 1435 ﬂumen
3162 1393 3300 1448 erat,
3355 1387 3548 1439 eodem

1969 1461 2128 1528 epist.
2164 1460 2272 1513 29.5
2303 1472 2354 1516 et
2396 1462 2661 1532 Gregorio
2707 1463 2759 1515 in
2797 1464 2915 1516 Vita
2951 1463 3203 1518 Macrinze
3231 1482 3278 1534 p.
3310 1467 3410 1519 18?.
3444 1482 3547 1519 au-

1969 1553 2139 1598 ctore.
2176 1542 2271 1599 His
2299 1546 2434 1598 adde
2461 1543 2871 1599 Neocresaream
2906 1554 2960 1597 et
3003 1547 3241 1599 Comana
3289 1550 3546 1613 Amasiae,

1969 1640 2090 1692 qua:
2118 1615 2247 1679 Iridi
2278 1626 2573 1692 assidebat,
2610 1626 2788 1680 vicina
2812 1626 3084 1696 perhiberi
3111 1628 3162 1680 in
3202 1628 3345 1680 Actis
3379 1630 3552 1700 Euty-

1970 1708 2076 1760 chii
2119 1724 2167 1762 c.
2206 1707 2257 1760 7.
2312 1707 2568 1764 Fortasse
2607 1709 2792 1774 itaque
2838 1709 3041 1764 rectius
3083 1709 3280 1764 Iridem
3319 1712 3460 1765 inter
3498 1727 3555 1768 et

1968 1789 2170 1860 Lycum
2207 1791 2588 1846 collocabitor.

2041 1872 2174 1926 Ibid.
2205 1876 2468 1943 Κόμωνα.
2510 1872 2623 1928 Slta
2657 1887 2816 1930 erant
2848 1877 2913 1930 ad
2946 1891 3160 1932 amnem
3187 1875 3382 1934 Iridem
3413 1883 3554 1950 apud

1973 1954 2298 2011 Strabonem
2337 1973 2439 2023 χιι,
2470 1972 2524 2024 p.
2570 1958 2694 2024 5.17,
2746 1973 2845 2012 nec
2893 1960 3050 2028 longe
3096 1975 3124 2012 a
3169 1961 3552 2029 Ni-ocaesarea;

1972 2040 2112 2092 unde
2166 2040 2323 2092 πόλιν
2385 2040 2751 2108 ἀστυγείτονα
2807 2035 3103 2110 Gregorius
3158 2042 3440 2114 Nyssenus
3495 2048 3553 2100 in

1972 2121 2362 2191 Thaumaturgi
2415 2121 2538 2176 Vita
2564 2141 2616 2192 p.
2655 2124 2755 2178 561
2777 2133 2832 2178 et
2858 2123 2956 2194 τὴν
2990 2127 3315 2194 Κομαναίων
3349 2129 3557 2199 ταύτην

1971 2205 2328 2272 ἀστυγείτονα
2375 2206 2528 2258 πόλιν
2564 2216 2704 2262 orat.
2743 2207 2809 2262 de
2847 2206 3122 2276 Baptismo
3153 2225 3205 2277 p.
3244 2210 3348 2263 29.0
3371 2213 3556 2280 appel-

1971 2286 2067 2341 lat.
2101 2288 2254 2354 Quod
2281 2298 2459 2343 anlem
2510 2289 2611 2343 Ch.
2644 2289 2912 2344 Cellarius
2944 2289 3008 2344 G.
3049 2291 3113 2344 A.
3161 2307 3245 2355 ιιι,
3271 2292 3303 2346 8
3350 2310 3402 2362 p.
3450 2294 3555 2348 527

1971 2371 2210 2426 Comana
2242 2374 2310 2428 ab
2351 2374 2510 2427 Iridis
2542 2372 2783 2428 fontibus
2824 2389 3012 2443 parum
3054 2377 3258 2430 distare
3301 2391 3364 2429 ex
3398 2376 3554 2430 Stra-

1973 2453 2115 2509 bone
2138 2455 2363 2524 colligit,
2399 2455 2455 2509 id
2485 2456 2663 2510 amnis
2693 2472 2756 2508 ex
2804 2456 2992 2509 intima
3026 2455 3286 2511 Armenia
3323 2469 3476 2512 ortus
3501 2465 3558 2511 ct

1973 2553 2070 2606 per
2107 2537 2335 2591 Pontqu
2375 2539 2516 2593 hunc
2548 2541 2844 2594 decurrens
2887 2541 3027 2608 apud
3063 2541 3318 2594 eumdem
3352 2540 3558 2610 Grego-

1975 2621 2112 2672 rium
2146 2621 2195 2672 in
2225 2619 2481 2673 Macrinte
2525 2621 2639 2672 Vita
2674 2637 2726 2690 p.
2763 2622 2866 2676 182
2901 2638 3004 2676 non
3039 2622 3198 2676 feret.

2045 2701 2180 2756 Ibid.
2218 2701 2608 2772 Τολεμόνιον.
2633 2704 2864 2759 Rectum
2892 2717 2970 2759 est
3015 2705 3383 2775 Πολεμώνιον,
3412 2707 3558 2774 quod

1973 2785 2227 2853 oppidum
2261 2786 2403 2839 inter
2428 2785 2886 2841 Thermodontem
2927 2801 2976 2840 et
3014 2787 3246 2855 Cotyora
3280 2789 3443 2840 situm
3461 2781 3560 2840 ob-

1979 2869 2183 2921 tinebat
2217 2869 2358 2936 apud
2395 2870 2688 2922 Arriannm
2739 2871 2792 2923 in
2834 2869 3048 2937 Periplo
3099 2887 3150 2938 p.
3185 2871 3246 2922 I7
3279 2869 3354 2924 De
3393 2870 3561 2923 Cera-

1976 2960 2158 3013 sunte,
2199 2949 2470 3002 maritimo
2497 2952 2717 3019 oppido,
2747 2951 3071 3020 Xenophon.
3109 2951 3316 3020 Exped.
3346 2951 3474 3022 Cyr.
3502 2967 3556 3016 ιν,

1977 3045 2030 3099 p.
2065 3031 2166 3084 273
2203 3041 2256 3086 et
2291 3030 2618 3085 Tournet'ort
2659 3036 2812 3099 epist.
2844 3049 2971 3087 ιιι-ιι.
3013 3050 3065 3101 p.
3108 3034 3198 3088 98.

2050 3113 2187 3166 Ibid.
2245 3112 2598 3182 Τραπεζοῦς.
2627 3114 2783 3169 Circa
2832 3115 3037 3169 Niczeni
3075 3115 3299 3169 secundi
3335 3116 3556 3171 concilii

1981 3208 2222 3266 tempora
2268 3197 2460 3250 Phasis
2501 3209 2553 3250 et
2582 3197 2859 3267 'I‘rapezus
2893 3200 2982 3252 nni
3022 3199 3277 3267 episcopo
3305 3200 3553 3266 paruisse

1980 3267 2265 3344 videntur;
2319 3281 2460 3334 uade
2519 3279 2946 3350 Christophorus
2995 3281 3090 3334 τοῦ
3143 3281 3376 3344 Φάσιδος
3438 3282 3561 3351 ἦτοι,

1979 3361 2396 3436 Τραπεζοῦντος
2458 3380 2510 3433 p.
2558 3362 2664 3417 545
2720 3364 3030 3421 subscribit.
3079 3363 3207 3419 Vide
3257 3363 3384 3418 Ant.
3427 3363 3559 3419 Itin.

1982 3463 2033 3516 p.
2069 3447 2196 3500 2I6.

2051 3530 2186 3583 Ibid.
2243 3527 2384 3582 Ὑπὸ
2440 3529 2726 3598 ἡγεμόνα.
2790 3528 2880 3583 Sic
2913 3545 3068 3594 mss.,
3119 3531 3316 3600 quibus
3365 3541 3566 3600 prater

1984 3612 2117 3667 Not.
2146 3614 2274 3681 imp.
2323 3612 2526 3664 Urient.
2565 3628 2612 3664 ς.
2656 3611 2702 3672 1,
2737 3626 2856 3680 qum
2895 3615 3254 3681 praesidialem
3287 3615 3424 3667 hanc
3473 3613 3554 3666 ia-

1982 3699 2076 3761 cit,
2107 3694 2408 3748 assentitur
2444 3694 2674 3748 Basilius
2705 3696 2779 3746 Μ.
2814 3697 2973 3763 epist.
3008 3696 3129 3751 112.
3162 3696 3296 3749 Nam
3341 3696 3558 3750 Andro-

1985 3779 2167 3831 nicum
2219 3775 2498 3844 ἡγεμόνα,
2544 3776 2612 3828 ad
2647 3792 2808 3844 quem
2837 3777 2941 3829 illa:
2992 3778 3190 3831 litterm
3241 3779 3560 3843 mittuntur,

1987 3857 2253 3911 Armenia:
2284 3859 2468 3923 prima.-
2497 3856 2779 3924 pracfuisse
2797 3874 2862 3911 ex
2895 3857 3155 3912 Seba~li:e
3186 3859 3238 3911 in
3274 3859 3379 3912 illis
3405 3873 3563 3911 men-

1988 3942 2134 3995 tione
2173 3941 2316 3992 haud
2368 3939 2605 3994 Obscure
2652 3940 2944 4008 colligitur.
2999 3941 3265 3994 Caeterum
3326 3941 3557 4010 primam

1990 4027 2128 4078 hanc
2182 4022 2495 4074 Armeniam
2537 4021 2679 4074 idem
2729 4022 2956 4078 Basilius
3011 4024 3172 4092 epist.
3217 4023 3319 4078 I95
3351 4032 3405 4078 et
3456 4022 3562 4076 265

1991 4105 2194 4175 μικρὰν
2235 4105 2529 4173 Ἀρμενίαν
2563 4114 2738 4156 vorat.

2059 4187 2193 4240 Ibid.
2255 4185 2602 4238 Σδειὶστεια.
2651 4184 2954 4240 Provinciae
3001 4187 3316 4256 metropolis
3363 4195 3446 4241 est
3507 4189 3560 4240 in

1988 4271 2311 4325 Theodoreti
2336 4268 2397 4322 ll.
2420 4271 2480 4323 E.
2509 4286 2571 4335 ιι,
2599 4268 2668 4322 25
2695 4277 2747 4322 et
2784 4266 3005 4322 Novella
3039 4271 3129 4327 51.
3159 4271 3272 4325 Sita
3312 4272 3564 4324 eratloco

1988 4368 2222 4418 alumno,
2253 4363 2555 4421 prieterqne
2581 4351 2793 4422 Halym,
2815 4353 2904 4419 qui
2929 4353 3076 4406 urbis
3096 4354 3290 4406 mantia
3318 4353 3563 4414 radebat,

1991 4437 2222 4490 mediam
2259 4435 2480 4489 seCabat
2527 4432 2664 4488 alius
2714 4436 2911 4500 anmis,
2947 4437 3034 4502 qui
3069 4451 3191 4490 mox
3220 4436 3272 4489 in
3323 4438 3562 4489 vicinum

1988 4521 2164 4574 lactnn
2197 4520 2497 4572 abdebatur
2524 4517 2783 4588 Gregorio
2835 4518 3078 4589 Nysseno
3127 4529 3268 4574 Orat.
3327 4520 3348 4573 1
3405 4522 3457 4574 in
3487 4521 3557 4572 46

1989 4604 2212 4675 Martyr.
2235 4618 2286 4671 p.
2317 4601 2414 4656 501
2450 4610 2504 4656 ct
2531 4611 2679 4656 orat.
2704 4602 2740 4654 2
2773 4618 2827 4670 p.
2857 4602 2960 4656 510
2996 4615 3239 4657 auctore.
3277 4600 3408 4657 Vide
3437 4603 3564 4658 Itin.

1989 4691 2116 4742 Ant.
2146 4705 2198 4756 p.
2234 4687 2355 4740 177.

2062 4772 2194 4826 Ibid.
2230 4771 2578 4835 Νικόπολις.
2624 4769 2740 4823 Non
2792 4772 2947 4840 longe
3002 4770 3231 4825 Colonia
3273 4770 3566 4827 dissociata

1991 4863 2133 4919 crat,
2175 4854 2391 4920 quicum
2425 4863 2479 4904 et
2504 4855 2668 4906 Sarra
2706 4855 3015 4908 Christiana
3043 4857 3563 4920 communicaverat;

1995 4939 2103 4994 und
2147 4936 2244 5007 τὴν
2277 4936 2488 5007 μητέρα
2521 4936 2671 5006 ὑμῶν
2695 4936 2791 5007 τὴν
2824 4939 2881 4990 ὲν
2923 4936 3216 4990 Νικοπόλει
3272 4939 3568 5009 ἐκκλησίαν

1995 5022 2228 5076 Basilius
2266 5020 2425 5088 epist.
2458 5018 2586 5084 “227,
2617 5019 3032 5074 Coloniensibus
3064 5020 3347 5088 inscripta,
3379 5021 3568 5089 appel-

1995 5108 2104 5172 lat;
2138 5119 2235 5159 nec
2273 5103 2562 5157 dissimilia
2605 5105 2780 5158 tribus
2809 5105 3162 5173 sequentibus
3196 5105 3442 5172 epistolis
3492 5122 3568 5156 re-

1994 5191 2194 5258 peries.
2239 5187 2416 5256 Lycus
2465 5186 2660 5241 fluvius
2696 5189 2747 5240 in
2801 5189 2978 5255 spatio
3023 5186 3054 5240 6
3104 5187 3176 5240 Μ.
3235 5187 3294 5240 P.
3329 5189 3395 5241 ab
3437 5191 3569 5240 urbe

1995 5270 2334 5337 Volrcbatur,
2380 5271 2424 5323 si
2458 5269 2603 5322 Actis
2657 5270 2726 5323 40
2777 5269 2935 5324 Mart.
2971 5279 3102 5324 tom.
3134 5284 3194 5323 ut
3251 5265 3356 5322 Jul.
3392 5287 3445 5340 p.
3499 5269 3572 5323 46

1997 5355 2129 5409 fides
2160 5353 2465 5407 est..l‘lura
2493 5354 2694 5407 Anton.
2729 5353 2850 5406 Itin.
2895 5369 2949 5420 p.
2982 5354 3104 5407 182.

2071 5440 2205 5495 Ibid.
2232 5439 2511 5491 Κολονιά.
2546 5436 2794 5489 Κολωνία
2828 5437 2940 5491 sive
2963 5435 3258 5490 Κυλώνειοι.
3284 5434 3570 5493 Liberatus

324 5523 486 5576 habet
519 5519 674 5574 Thes.
708 5519 921 5574 Britan.
950 5530 1078 5575 tom.
1121 5522 1187 5586 II,
1214 5538 1267 5591 p.
1297 5521 1419 5574 256.
1445 5521 1735 5590 Gregorius
1765 5520 1899 5590 Nys-
2000 5524 2237 5579 Breviar.
2269 5538 2316 5575 c.
2350 5521 2382 5573 6
2413 5520 2765 5589 Cappadocia!
2797 5520 3070 5582 secundat,
3101 5519 3232 5593 nihil
3273 5520 3570 5577 dissidente

322 5621 486 5661 senos
519 5605 594 5673 (in
620 5607 960 5676 cognominis
984 5607 1082 5659 sibi
1109 5605 1500 5676 'I‘haumatnrgi
1531 5605 1645 5658 Vita
1691 5624 1740 5674 p.
1773 5605 1897 5676 557)

323 5692 595 5747 communi
660 5691 836 5764 gentis
904 5706 1172 5748 consensu
1244 5691 1489 5765 κορυφὴν
1552 5691 1890 5762 πάσης¹τῆς

2001 5608 2231 5661 concilio
2255 5605 2580 5659 Chalcedon.
2615 5619 2666 5670 p.
2703 5602 2827 5665 557,
2862 5601 3174 5656 tranSt'ribit
3207 5622 3220 5658 :
3258 5613 3310 5656 at
3334 5603 3566 5659 Basilius

2004 5691 2161 5762 epist.
2188 5705 2420 5747 ccxxvnt
2445 5689 2502 5743 ἐν
2531 5691 2597 5759 τῇ
2627 5689 2850 5759 ἐσχατιᾷ
2868 5686 2966 5758 τῆς
3000 5687 3314 5762 ’Λρμενίας,
3337 5701 3387 5744 et
3405 5691 3566 5759 epist.
