3958 6216
446 289 581 353 1159

435 422 572 465 τιον
610 402 824 473 μακρὰν
861 395 1175 468 ἀπῳκίσθαι
1209 393 1318 448 τῶν
1341 390 1675 461 όδευομένων
1717 390 1898 473 τόπων
1925 389 2024 459 τὴν

441 472 751 542 Κολώνειαν
810 482 1063 538 aIIirmat.
1156 478 1296 548 Ergo
1349 474 1495 528 circa
1561 472 2027 527 Chalcedonensis

444 568 664 624 concilii
688 579 930 635 tempora
957 561 1176 617 Colonia
1193 558 1551 629 Cappadocia:
1573 555 1672 610 fuit
1696 555 2028 620 contributa;

443 652 669 707 rediisse
709 650 833 703 dein
867 647 934 700 ad
969 644 1284 698 Armeniam
1318 641 1551 712 primam
1585 647 1714 694 ante
1734 637 2032 693 Iustiniani

443 742 659 788 aetatem
693 729 914 786 Novella
946 729 1007 783 51
1048 729 1327 781 docemur.

520 816 635 869 Col.
681 814 801 868 152.
834 811 1095 866 Σάταλα.
1136 809 1393 864 Basilium
1441 807 1562 861 vide
1619 805 1778 876 epist.
1813 819 1937 858 xc1x
1977 810 2032 855 et

443 901 641 953 An'on.
671 897 798 951 Itin.
821 911 872 964 p.
895 895 1019 960 183;
1041 893 1234 947 fundos
1250 889 1519 944 Satalena:
1535 887 2031 955 civitaticontiguos

447 979 796 1034 Τιιυοιιομὶιις
819 978 1091 1032 secundus
1127 975 1183 1029 in
1214 972 1436 1026 Novella
1462 973 1495 1024 5
1522 971 1606 1024 ιίι.
1640 969 1706 1022 12
1739 975 2027 1023 memorat.

515 1063 649 1117 Ibid.
690 1060 1199 1123 Σεϐωτούπολις.
1248 1055 1471 1109 Novella
1508 1054 1569 1107 51
1616 1051 1890 1107 Armenia:
1915 1050 2030 1119 pri-

444 1163 544 1200 ma!
574 1147 760 1199 itidem
795 1144 1002 1196 tribuit.
1033 1143 1180 1194 Adde
1207 1138 1336 1192 Itin.
1371 1141 1434 1192 Α.
1469 1155 1521 1208 p.
1545 1137 1672 1194 205.

516 1228 654 1284 Ibid.
731 1226 868 1279 Ὑπὸ
924 1226 1207 1294 ἡγεμόνα.
1275 1222 1584 1291 Assentitur
1656 1218 1830 1274 Notit.
1896 1218 2027 1284 imp.

444 1310 652 1365 Orieut.
718 1328 766 1365 e.
822 1311 873 1363 1.
925 1307 1161 1362 Joannes
1217 1304 1642 1374 Chrysostomus
1681 1303 1841 1372 epist.
1903 1313 2030 1354 wa

440 1395 682 1464 ἄρχοντα
741 1394 842 1462 τῆς
897 1390 1193 1460 Ἀρμενίας
1251 1388 1399 1457 (nam
1452 1385 1708 1440 secundae
1755 1383 2028 1438 Armenia:

441 1480 724 1545 pra-sidera
779 1475 1084 1543 intelligere
1134 1471 1380 1542 epistola:
1435 1478 1815 1541 argumentum
1873 1475 2028 1537 pate-

440 1556 597 1623 fatit)
630 1558 887 1627 appellat.

512 1639 648 1695 Ibid.
707 1637 1044 1706 Μελετηνή.
1093 1637 1374 1707 Μελιτηνή
1413 1651 1576 1706 quam
1610 1632 1890 1703 περιφανῆ
1921 1629 2028 1684 τῶν

437 1721 744 1795 Ἀρμενίων
780 1723 1140 1794 μητρόπολιν,
1191 1721 1454 1775 illustrem
1491 1719 1873 1772 Armeniorum
1912 1729 2025 1768 me-

441 1808 697 1876 tropoliu,
731 1808 966 1878 Cyrillus
1011 1807 1065 1860 in
1100 1805 1219 1858 Vita
1252 1802 1527 1871 Euthymii
1549 1810 1726 1866 vocat,
1749 1809 1808 1854 ut
1833 1799 2027 1852 Anton.

439 1889 569 1945 Itin.
608 1907 661 1960 p.
691 1891 796 1946 209
827 1892 1183 1960 ascripsimus
1210 1888 1276 1942 de
1311 1885 1452 1939 Arca
1483 1900 1537 1953 p.
1574 1883 1700 1937 211.

516 1972 652 2028 Ibid.
686 1974 1010 2042 ’Λράϐισος.
1045 1973 1225 2026 Patria
1250 1967 1488 2022 Mauritii
1509 1964 1855 2034 inperatoris
1883 1963 1981 2018 fuit
2009 1982 2024 2031 ;

439 2072 698 2124 quorsum
759 2059 1054 2125 reSpit-iunt
1099 2070 1221 2125 quae
1269 2054 1321 2106 in
1383 2051 1504 2105 Vita
1557 2048 1832 2118 Eutychit’,
1868 2063 1919 2102 c.
1952 2063 2026 2102 vn

439 2139 750 2193 referuntur
796 2159 810 2194 :
851 2141 1073 2201 Ὁσάκις
1109 2137 1333 2207 μνήμην
1361 2135 1598 2186 ἐποιεῖτο
1630 2131 2026 2210 τῆςᾊραόισ-

439 2223 618 2288 σηνών
651 2223 889 2290 πόλεως,
927 2222 1100 2284 οὕτως
1127 2221 1314 2288 ἔλεγεν
1359 2208 2023 2288 χαριέντωςπὰκόυόντων

437 2306 657 2358 πάντων
703 2309 859 2376 ἡμῶν
907 2309 1000 2360 καὶ
1051 2305 1161 2358 τῶν
1204 2302 1414 2356 ἐκεῖθεν
1457 2299 1800 2371 ὁρμωμένων
1828 2299 2055 2369 ἀρχόν-ι

435 2403 546 2439 των
571 2402 587 2418 ο
622 2407 641 2439 ι
670 2391 898 2459 Μεγάλη
927 2390 1075 2443 ἐστὶν
1103 2391 1136 2458 ἡ
1161 2386 1314 2449 πόλις
1345 2385 1518 2456 ὑμῶν·
1553 2383 1650 2436 Διά
1678 2381 1837 2436 τνῦτο
1869 2383 2023 2454 eim-

437 2485 526 2523 ται
546 2471 675 2542 περὶ
698 2474 888 2544 αὐτῆς,
909 2473 1004 2526 Ἐκ
1020 2470 1274 2541 Ναζαρὲτ
1293 2468 1514 2521 δύναταί
1531 2484 1582 2520 τι
1606 2464 1808 2533 ἀγαθὸν
1829 2461 1988 2524 εἶναιε
2005 2485 2023 2518 ι

436 2551 596 2608 Pl-ira
640 2557 707 2609 ad
762 2558 892 2612 Ant.
956 2555 1092 2611 Itin.
1146 2571 1198 2625 p.
1258 2553 1381 2619 18l,
1440 2552 1633 2622 quibus
1696 2549 1919 2604 Suidant
1973 2549 2030 2603 in

339 2705 343 2707 Α
439 2636 689 2704 Εὐδόξιος
721 2639 911 2711 jttuge.

513 2721 644 2774 Ibid.
676 2722 1047 2787 Ιιόυκουσός.
1070 2721 1140 2773 De
1169 2736 1232 2774 eo
1249 2719 1674 2787 Chrysostomus
1698 2715 1858 2785 epist.
1884 2730 2024 2770 xxx:

437 2800 710 2870 Οἰκοῦμεν
743 2805 852 2872 γὰρ
904 2804 1102 2872 χωρῖον
1161 2801 1497 2872 ἐρημότατον
1551 2799 1645 2852 καὶ
1699 2799 1881 2869 πάσης
1925 2797 2024 2868 τῆς

435 2883 561 2934 καθ’
607 2885 755 2953 ἡμᾶς
793 2884 1124 2955 οἰκουμένης
1173 2883 1528 2954 ἐρημότερον.
1555 2881 1719 2949 ,Qua:
1768 2881 1945 2943 nobis,
1981 2882 2024 2934 si

435 2969 705 3022 atdantur
728 2970 794 3023 ad
832 2970 1030 3024 Anton.
1074 2968 1207 3023 Itin.
1257 2984 1312 3039 p.
1364 2967 1467 3022 179
1500 2983 1566 3024 ex
1601 2967 1794 3021 eodem
1840 2967 2028 3020 obser-

435 3062 580 3118 VnIa,
633 3051 822 3108 urbem
859 3053 1028 3108 fuisse
1067 3051 1498 3106 desertissimam
1531 3049 1842 3105 ostendunt.
1875 3049 2027 3115 Quod

436 3149 564 3189 vero
604 3136 763 3205 epist.
814 3136 917 3190 125
947 3134 1258 3199 Κουκουσὸς
1293 3134 1394 3205 τῆς
1420 3131 1697 3196 Κιλικίας,
1748 3130 1799 3184 ld
1849 3131 2026 3186 Mont-

436 3217 723 3274 I‘auconius
749 3235 877 3274 mss.
909 3220 1228 3273 auctoribus
1255 3230 1406 3274 recte
1433 3217 1661 3272 mutavit
1697 3233 1710 3270 :
1750 3229 2024 3286 nunquam

433 3304 579 3358 enim
611 3304 815 3358 Ciliciae
840 3303 1088 3358 Cucusus
1121 3303 1246 3357 fuit.

509 3387 644 3441 Ibid.
685 3388 944 3456 Κόμονα.
977 3385 1232 3454 Κόμανα,
1277 3385 1342 3439 de
1372 3397 1480 3452 qua
1505 3391 1561 3436 et
1586 3379 1898 3436 Ariarathis
1937 3379 2026 3452 (eo

442 3469 588 3522 cnim
622 3472 840 3524 nomine
871 3469 1145 3533 utebatur)
1172 3468 1389 3519 abunde
1428 3462 1557 3516 Itin.
1591 3463 1718 3516 Ant.
1749 3480 1802 3532 p.
1837 3463 1962 3517 181.

505 3550 643 3605 Ibid.
695 3550 974 3613 Κιλικίας
1027 3555 1102 3602 α’.
1149 3547 1373 3601 Orditur
1427 3544 1705 3599 Hierocles
1775 3543 2018 3599 Orientis

435 3634 750 3704 provincias
775 3633 864 3698 15,
898 3645 1130 3700 quarum
1160 3621 1332 3700 prima
1366 3630 1480 3684 haec
1506 3627 1719 3696 Cilicia,
1749 3638 2021 3698 postrema

433 3717 656 3782 Arabia,
707 3730 900 3771 omnes
945 3715 1046 3770 sub
1092 3714 1450 3784 dispositione
1497 3711 1714 3766 comitis
1761 3712 2022 3778 Orientis,

432 3816 542 3869 quo
567 3803 633 3857 de
677 3799 844 3856 IIenr.
890 3798 1143 3854 Valesius
1178 3800 1231 3852 in
1268 3797 1543 3852 Ammiani
1590 3795 1628 3849 l.
1677 3811 1790 3861 xw,
1826 3810 1876 3850 c.
1907 3796 1934 3850 1
1970 3807 2025 3851 et

433 3887 538 3941 'I‘h.
572 3885 863 3942 Reinesius
919 3884 1099 3940 Class.
1141 3882 1232 3938 νι.
1284 3881 1541 3952 Ιιιδενίρι.
1573 3880 1663 3934 47.
1696 3879 1863 3935 Recta
1897 3897 2027 3937 vero

433 3971 670 4040 primam
738 3969 1058 4025 Ciliciarum
1117 3966 1397 4022 consulari
1475 3965 1763 4034 regendam
1836 3964 2023 4031 tradit,

433 4069 655 4124 prorsus
704 4063 764 4108 ut
800 4050 974 4106 Notit.
1010 4052 1138 4122 imp.
1186 4066 1237 4106 c.
1278 4051 1304 4103 1
1339 4059 1391 4104 et
1425 4049 1462 4102 I.
1509 4064 1546 4113 ι,
1585 4063 1636 4102 c.
1674 4049 1740 4101 de
1777 4045 2021 4102 General.

433 4137 728 4191 Abolition.

503 4237 640 4294 Ibid.
684 4236 942 4306 Τάρσος.
985 4235 1302 4307 Metropolis
1337 4234 1665 4306 dignitatem
1706 4233 1817 4288 Leo
1857 4233 2028 4304 impc-

433 4331 583 4376 rator
613 4322 666 4376 in
706 4323 866 4390 epist.
919 4330 1052 4375 tom.
1083 4320 1155 4374 IX
1177 4319 1392 4374 Com-il.
1432 4319 1629 4373 Labbei
1663 4326 1718 4372 et
1750 4317 2026 4372 Concilio-

435 4422 554 4460 rum
589 4407 720 4460 Acta
753 4404 826 4460 illi
871 4405 1173 4460 affirmant.
1226 4405 1342 4459 Sita
1404 4414 1523 4458 erat
1582 4400 2024 4456 commodissimo

433 4490 573 4558 loco,
639 4489 802 4561 (3618’
839 4489 1118 4560 Ἰσαύρους
1161 4488 1255 4542 καὶ
1290 4488 1518 4551 Κίλικας
1561 4485 1934 4547 Καππαδόκας
1961 4500 2021 4536 τε

435 4575 531 4626 καὶ
577 4573 784 4645 Σύρους
829 4572 899 4626 δι’
938 4575 1137 4643 ἑαυτῆς
1189 4571 1520 4630 συνάπτειν,
1564 4576 1786 4621 aut-tore
1821 4566 2022 4620 Basilio

436 4656 507 4709 Μ.
545 4657 705 4725 epist.
741 4655 832 4710 54.
873 4656 1017 4709 Idem
1052 4653 1338 4722 proﬁtetur
1381 4651 1516 4704 alter
1547 4648 1798 4712 Bisilius,
1829 4647 2020 4702 Seleu-

434 4743 532 4795 cia:
584 4740 900 4808 episcopus,
954 4736 1212 4792 Miracul.
1268 4735 1473 4791 Thecla:
1522 4750 1582 4800 ιι,
1637 4733 1728 4797 15,
1773 4747 1895 4788 cum
1954 4732 2022 4787 de

435 4824 644 4877 'I‘izarso
703 4823 828 4876 Ἐπί
885 4839 946 4876 τε
1006 4820 1194 4877 κάλλει
1252 4820 1348 4874 καὶ
1391 4817 1638 4890 μεγέθει,
1679 4817 1774 4870 καὶ
1822 4810 1904 4879 οἷς
1953 4815 2020 4870 ἂν

433 4907 621 4970 ἁπλῶς
673 4905 830 4970 πόλις
880 4904 1111 4977 λαμπρὰ
1166 4904 1258 4957 καὶ
1316 4902 1589 4974 εὐδαίμων
1641 4898 1970 4971 γνωρισθείη
2000 4940 2016 4966 ,

436 4997 600 5047 πᾶσιν
652 4992 1097 5064 ὲπιγαυρουμὲνη
1119 5032 1133 5056 ,
1173 4992 1272 5043 καλ.
1304 4989 1364 5042 τὸ
1393 4986 1614 5058 πρώτην
1649 4985 1882 5055 μάλιστα
1918 4983 2019 5054 τῆς

435 5076 574 5146 ἑῴας
609 5075 871 5144 ἀνίσχειν,
909 5078 1003 5128 καὶ
1037 5074 1262 5145 πρώτην
1297 5073 1461 5127 πάλιν
1507 5067 1871 5141 προσϐάλλειν
1903 5071 2016 5133 τοῖς

435 5162 495 5223 ἐξ
560 5157 854 5212 ὁποιασοῦν
914 5159 1016 5229 γῆς
1083 5157 1431 5228 ὁρμωμένοις
1488 5157 1623 5225 πρὸς
1682 5153 1781 5221 τὴν
1838 5151 2015 5222 ἐῴανο

432 5245 632 5313 Aperte
672 5242 818 5296 enim
871 5243 1074 5296 indicat
1115 5241 1207 5296 tali
1257 5240 1490 5309 positam
1531 5251 1654 5292 esse
1695 5235 1814 5289 loco
1844 5245 1925 5300 ut,
1967 5235 2014 5289 si

433 5327 555 5395 quis
581 5341 646 5380 ex
680 5325 875 5381 vicinis
911 5323 1205 5395 provinciis
1238 5323 1290 5377 in
1322 5320 1563 5376 Orientis
1596 5319 1856 5374 dioecesin
1889 5333 2016 5387 pcr-

434 5422 562 5478 gere
620 5417 712 5462 aut
762 5423 828 5464 ex
878 5423 942 5464 ca
1008 5408 1062 5464 in
1112 5406 1394 5462 Ponticam
1451 5406 1566 5458 sive
1627 5401 1791 5456 etiam
1853 5401 2016 5456 Asia-

436 5493 580 5545 uiam
611 5491 842 5547 transire
887 5492 1039 5558 velit,
1079 5491 1330 5546 adeunda
1380 5501 1441 5544 ea
1474 5487 1708 5557 pr’l'mm
1745 5487 1836 5541 sit.
1885 5485 2016 5541 Vide

435 5571 567 5627 1.3".
601 5571 672 5628 II.
708 5589 761 5641 p.
800 5575 926 5630 579.

511 5653 645 5709 Ibid.
688 5657 1198 5726 Πομπηῖούπολις.
1229 5655 1358 5708 Mari
1387 5652 1683 5715 assidebat,
1712 5665 1777 5706 eo
1798 5653 2018 5706 nomine

433 5758 463 5798 a
508 5730 762 5809 Pompeio
796 5742 1151 5816 donatacunt
1184 5738 1436 5795 Solorum
1473 5744 1601 5795 ante
1644 5734 1859 5812 fuisset.
1884 5747 2005 5796 usa.

1507 277 1890 338 ADDENDA.
1929 297 1997 309 -

2145 271 2658 334 WESSELINGII
3616 269 3738 332 iiii

2141 388 2351 441 Auctor
2409 387 2541 440 Vitm
2585 384 2739 437 Arati
2787 383 2839 438 in
2902 381 3230 452 Uranologio
3256 381 3489 437 Petavii
3543 403 3560 439 :
3602 389 3671 439 υἱ
3699 391 3748 441 ξ;

2138 471 2290 523 Σόλοι
2321 469 2472 532 πόλις
2501 466 2908 536 ἐπιφανεστάτη
2938 467 3036 535 τῆς
3071 466 3353 529 Κιλικίας,
3380 468 3495 537 ἀφ’
3521 463 3596 538 ἧς
3635 473 3753 523 πιλν-

2130 553 2211 606 λοὶ
2239 553 2476 621 κάγαθοὶ
2507 553 2794 620 γεγόνασιν
2824 551 3017 620 ἄνδρες
3039 565 3054 578 ⁸
3083 549 3330 609 καλεῖται
3359 552 3421 604 δὲ
3465 552 3574 626 νῦν
3605 553 3748 624 Περ.

2132 637 2478 707 πηῖούπολις.
2509 637 2629 690 Εἰσὶ
2661 636 2719 689 δὲ
2753 635 2848 688 καὶ
2909 635 3087 706 ἕτεροι
3146 635 3297 688 Σόλοι
3333 637 3444 700 τῆς
3485 634 3742 707 Κύπροιε·

2129 720 2246 773 ἀλλ’
2276 721 2326 774 oi
2353 719 2452 790 μὲν
2477 720 2716 790 Κύπριοι
2759 718 2933 772 Σόλιοι
2972 715 3286 780 καλοῦνται,
3314 720 3366 770 οί
3401 719 3468 771 δὲ
3497 721 3742 777 Κιλίκωι

2132 801 2335 864 Σολεῖς.
2370 801 2469 856 Cei
2502 801 2706 872 gentile
2750 816 2946 854 nomen
3002 801 3360 871 distinguenti
3410 803 3748 870 astipulazor

2133 882 2402 955 Diogenes
2449 885 2701 940 Laertius
2755 899 2792 948 ι,
2837 883 2930 947 51,
2977 883 3067 936 ubi
3100 882 3327 955 Meuagii
3383 886 3743 956 diligentiam

2132 968 2295 1022 verba
2329 983 2396 1023 ex
2431 969 2582 1022 Arati
2612 967 2732 1021 Vita
2763 982 2866 1021 non
2896 965 3218 1036 elingerunt.

2203 1051 2338 1106 Ibid.
2383 1050 2678 1118 Σεϐαστή.
2730 1051 2870 1104 Olim
2932 1050 3164 1104 Elaaussa
3216 1059 3415 1106 contra
3461 1054 3739 1125 Corycum

2130 1132 2184 1186 iu
2225 1134 2399 1188 insula
2455 1150 2555 1190 uec
2611 1135 2768 1204 longe
2823 1147 2851 1185 a
2907 1131 3098 1197 Tarso,
3153 1135 3534 1200 quamobrem
3583 1153 3737 1192 conc.

2129 1213 2473 1270 Charcedon.
2509 1232 2561 1286 ι).
2604 1216 2732 1270 I26.
2779 1215 3024 1286 Σεδάστη
3075 1218 3107 1285 ὴ
3158 1215 3405 1286 Τάρσου.
3450 1219 3556 1272 Est
3591 1223 3739 1274 inter

2097 1331 2102 1338 -
2129 1298 2290 1352 Gazae
2315 1297 2602 1354 Wildiana:
2627 1315 2897 1367 nummos,
2928 1301 3020 1370 qui
3051 1299 3229 1354 antica
3267 1312 3430 1370 parte
3472 1291 3737 1358 CABINA

2128 1382 2523 1438 ΤΡΛΝΚΥΛΛ.
2551 1423 2566 1439 .
2592 1424 2608 1439 .
2633 1423 2648 1438 .
2675 1425 2688 1438 .
2743 1393 2799 1439 et
2823 1385 3026 1454 postica
3048 1383 3391 1438 CEBACTH.
3431 1385 3568 1441 IEP.
3613 1389 3732 1444 AC.

2127 1467 2290 1522 ΑΥΤ.
2323 1468 2700 1524 ΝΑΥΑΡΧΙΟ.
2745 1468 3109 1522 ΕΛΕΥΘΕΡΑ
3132 1483 3253 1523 cum
3285 1470 3492 1523 turrito
3528 1473 3738 1524 velato-

2129 1565 2234 1618 que
2261 1552 2440 1622 capite
2469 1552 2706 1622 praefert,
2753 1561 3013 1621 certoque
3053 1551 3208 1605 nobis
3234 1561 3320 1606 est
3378 1566 3732 1623 argumento,

2127 1631 2388 1690 Gordiani
2430 1645 2588 1692 :Ptale
2629 1637 2822 1692 urbem
2855 1637 2990 1690 satis
3021 1635 3292 1690 illustrem
3336 1635 3514 1691 fuisse
3558 1647 3620 1692 et
3673 1654 3734 1692 re

2128 1719 2344 1772 nautica
2399 1721 2663 1774 valuisse.
2714 1717 2867 1776 Adde
2917 1717 2984 1773 Il.
3028 1717 3300 1774 Norisium
3351 1720 3734 1778 diuert.2de

2127 1797 2356 1870 Epocltis
2388 1800 2774 1872 Syro-Maced.
2807 1816 2859 1871 p.
2899 1800 3023 1857 156.

2198 1884 2331 1942 Ibid.
2373 1888 2666 1954 Κόρυκος.
2719 1885 3018 1957 Κὼρυκος,
3054 1895 3115 1941 ut
3155 1885 3395 1956 Lugdun.
3431 1886 3733 1956 Oppianus

2125 1967 2360 2024 IIalieut.
2397 1987 2478 2033 ut,
2516 1972 2622 2026 208
2653 1991 2668 2029 :
2711 1971 2904 2024 Ὅσσοι
2937 1970 2984 2024 θ’
3018 1971 3276 2041 Ἑρμείαο
3301 1971 3474 2035 πόλιν,
3515 1973 3736 2024 ναυσξο

2126 2052 2320 2106 κλυτον
2352 2053 2489 2108 ἄστυ
2536 2054 2826 2126 Κωρύκιον
2871 2054 3122 2108 ναίουσιο
3178 2055 3272 2121 Qui
3306 2070 3487 2108 versus
3537 2053 3731 2108 Vale-

2129 2137 2266 2191 riani
2303 2153 2609 2205 nummum,
2646 2138 3118 2192 ΚΩΡΥΚΙΩΤΩΝ.
3165 2138 3320 2191 ACT.
3348 2137 3729 2193 NATAPXIC

2129 2220 2453 2289 insculptum
2487 2222 2786 2291 explicant.
2821 2220 3062 2277 Joannes
3085 2221 3315 2288 adlato;
3362 2222 3728 2292 Κουρουκου-

2125 2303 2225 2373 τῆς
2261 2304 2368 2357 τῶν
2399 2305 2640 2358 Κιλίκων
2665 2296 2937 2376 ἐπαρχίας
2971 2304 3261 2360 subscribit
3290 2305 3720 2374 Constantinop.

2131 2388 2309 2442 let'lliP
2335 2389 2542 2460 synodo
2573 2405 2624 2460 p.
2655 2389 2781 2455 670,
2821 2406 2918 2461 pro
2949 2389 3220 2460 Κωρύκου
3251 2390 3349 2458 τῆς
3369 2390 3643 2444 Κιλίκων.

2201 2469 2330 2526 Ibid.
2404 2470 2653 2527 ’Ᾱδανω
2717 2471 2774 2527 In
2832 2473 2977 2528 Actis
3025 2473 3336 2542 TbeOphili,
3395 2474 3464 2526 de
3518 2472 3718 2541 quibus

2127 2551 2451 2610 Lambecius
2502 2557 2625 2610 Bib.
2675 2555 2895 2611 Vindob.
2947 2572 3076 2621 vnt,
3114 2572 3168 2626 p.
3219 2555 3322 2620 75,
3358 2557 3562 2610 Ἀδανα
3612 2557 3717 2624 τῆς

2125 2638 2234 2691 τῶν
2263 2639 2504 2693 Κιλίκων
2550 2639 2808 2716 δευτέρας
2832 2641 3142 2713 Ιέπαρχίας,
3170 2649 3222 2694 et
3252 2641 3396 2709 apud
3419 2641 3713 2711 Eutychia-

2128 2735 2254 2772 num
2300 2721 2353 2774 in
2414 2722 2658 2792 ejusdem
2702 2722 2825 2778 Vita
2871 2739 2919 2778 c.
2955 2725 2978 2778 1
3015 2725 3102 2778 die
3133 2721 3196 2776 IV
3238 2722 3401 2779 Febr.
3432 2724 3597 2792 Oper.
3629 2722 3715 2789 5.,

2126 2803 2219 2856 sed
2276 2818 2558 2873 perperam
2605 2824 2619 2860 :
2665 2807 2855 2874 prima!
2892 2807 3036 2862 enim
3087 2805 3290 2861 Ciliciae
3339 2805 3396 2860 in
3450 2805 3716 2860 Cltalced.

2125 2886 2321 2942 concil.
2354 2902 2406 2954 p.
2443 2888 2549 2943 660
2573 2897 2735 2959 atque
2764 2890 2887 2944 aliis
2920 2899 3255 2946 accensetur.

2198 2968 2332 3024 Ibid.
2368 2969 2674 3040 ’Arovm'a.
2705 2971 2994 3041 Λύγούστα
3014 3011 3029 3036 ,
3061 2982 3116 3027 ut
3151 2973 3292 3028 bene
3317 2973 3419 3029 Ch.
3449 2972 3718 3027 Cellarius

2125 3049 2191 3106 G.
2220 3053 2285 3106 A.
2319 3068 2401 3118 ιιι,
2443 3053 2497 3119 6,
2539 3070 2592 3125 p.
2625 3054 2726 3109 211
2762 3057 3034 3122 correxit;
3087 3071 3249 3125 quam
3287 3056 3471 3110 urbem
3517 3055 3718 3109 Lati:.o

2127 3135 2344 3191 nomine
2374 3138 2682 3193 decoratam
2713 3139 2970 3194 credibile
3011 3148 3112 3200 est,
3147 3149 3259 3193 uta
3294 3139 3516 3193 Scbaste
3551 3140 3719 3206 hujus

2125 3221 2415 3287 provincia:
2436 3222 2671 3278 discerni
2693 3231 2894 3292 posset.
2917 3220 3236 3276 Theodorus
3263 3223 3468 3284 πόλεως
3498 3222 3721 3288 A9705-

2127 3318 2262 3372 στης
2299 3315 2384 3358 est
2412 3305 2464 3359 iu
2491 3304 2820 3360 Chalcedon.
2847 3321 2899 3374 p.
2936 3304 3061 3370 660,
3091 3313 3146 3359 et
3177 3307 3377 3362 nummi
3405 3305 3718 3358 ΑΥΓΟΥΓο

2126 3385 2359 3440 ΤΛΝΩΝ
2397 3387 2448 3441 in
2483 3387 2752 3442 Thesauro
2779 3387 2991 3442 Britan.
3027 3395 3160 3440 tom.
3193 3387 3251 3451 II,
3282 3403 3334 3456 p.
3370 3388 3497 3440 242.

2197 3468 2329 3524 Ibid.
2372 3469 2642 3539 Μάλχος.
2700 3469 2894 3526 Verum
2941 3470 3157 3535 Μὰλλος
3203 3473 3318 3530 erit,
3359 3471 3502 3537 quod
3544 3475 3715 3538 oppi-

2126 3552 2256 3606 dum
2288 3552 2408 3607 loco
2453 3555 2601 3609 edito
2645 3570 2753 3610 non
2784 3555 2941 3626 longe
2974 3571 3002 3608 a
3038 3553 3269 3626 Pyramo
3293 3555 3516 3624 positum
3549 3565 3710 3618 erat,

2126 3650 2300 3706 neque
2324 3637 2551 3692 multum
2587 3638 2843 3708 a'Tarso,
2875 3655 2997 3694 cum
3034 3638 3186 3706 cujus
3211 3641 3369 3693 etiam
3405 3638 3614 3692 civibus
3636 3637 3714 3691 de

2126 3720 2504 3777 vicinolittore
2533 3730 2586 3777 et
2615 3723 2760 3792 agris
2791 3725 2934 3777 circa
2964 3723 3136 3778 lacum
3165 3723 3535 3792 disceptabaut
3563 3723 3713 3790 apud

2127 3803 2351 3860 Dionem
2388 3805 2838 3876 Chrysosmmum
2878 3804 3104 3860 Tarsica
3131 3805 3187 3870 2,
3222 3821 3276 3875 p.
3308 3805 3434 3859 426.
3465 3804 3710 3859 Reddere

2127 3892 2314 3944 urbem
2340 3888 2409 3944 Is.
2443 3887 2793 3944 Casaubonns
2825 3891 2998 3944 eidem
3023 3888 3413 3959 Cluysostomo
3442 3901 3582 3944 orat.
3613 3890 3705 3949 45.

2123 3989 2178 4044 p.
2214 3975 2318 4029 510
2351 3975 2536 4029 voluit.
2573 3975 2638 4028 Τί
2668 3974 2762 4028 οὖν
2787 3975 2879 4028 ἐπὶ
2907 3975 3001 4028 δύο
3023 3977 3240 4045 ἡμέρας
3269 3975 3301 4046 ἢ
3328 3978 3504 4046 τρεῖς,
3537 3975 3708 4043 inquit

2124 4068 2330 4126 orator,
2357 4058 2657 4130 γενομένης
2696 4059 3080 4129 χειροπονίας;
3115 4058 3376 4128 ἐξῆλθον,
3414 4060 3534 4112 οὐδὲ
3568 4060 3705 4128 μᾶλ-

2123 4145 2213 4197 λον
2252 4142 2582 4214 παρατυχὼν
2610 4146 2724 4207 τοῖς
2750 4143 3051 4212 γεγονόσιν.
3081 4143 3213 4197 Cum
3242 4145 3389 4198 enim
3422 4143 3482 4197 τὸ
3506 4144 3703 4212 μᾶλλον

2124 4226 2253 4296 quid
2285 4226 2340 4281 itt
2370 4225 2580 4296 vulgata
2608 4226 3048 4296 veltetJectioue,
3082 4240 3188 4280 non
3218 4235 3521 4296 appareret,
3543 4224 3705 4292 ἐξῆλο

2125 4309 2216 4362 θον
2268 4311 2348 4372 εἰς
2395 4309 2632 4374 Μᾶλλον,
2696 4311 2756 4362 οὐ
2812 4307 3144 4378 παρατυχὼν
3190 4311 3302 4372 τοῖς
3345 4325 3403 4378 γ.
3472 4309 3701 4371 reﬁnxit,

2127 4391 2418 4462 plausibili,
2448 4394 2554 4446 nisi
2607 4391 2796 4446 Mallos
2831 4393 3119 4461 plurimutn
3171 4406 3200 4445 a
3244 4391 3410 4446 Prusa
3459 4394 3702 4454 distaret,

2125 4473 2456 4542 conjectura.
2513 4475 2688 4529 Aliter
2747 4474 3013 4530 Seldenus
3070 4475 3123 4528 in
3185 4476 3436 4529 Anecdct.
3499 4473 3704 4539 “’ollii,

2126 4573 2258 4613 tom.
2293 4559 2335 4622 I,
2373 4574 2428 4628 p.
2453 4559 2560 4614 273
2591 4560 2845 4614 instituit.
2879 4559 3009 4614 Mihi
3060 4575 3229 4628 parvo
3259 4560 3546 4618 molimine,
3573 4559 3704 4611 οὐδὲ

2128 4642 2342 4712 μέλλων
2379 4644 2719 4712 παρατυχεῖν
2749 4645 2862 4706 τοῖς
2910 4658 2967 4712 γ.
3009 4641 3142 4696 Cum
3173 4643 3507 4697 decrevissem
3541 4641 3705 4711 {actis

2123 4745 2225 4782 non
2259 4727 2458 4790 adesse,
2489 4727 2732 4781 succurri
2769 4741 2925 4796 posse
2957 4726 3111 4780 Dioni
3143 4729 3378 4782 videtur.

2195 4811 2332 4864 Ibid.
2387 4809 2700 4878 Ζεφύριον.
2756 4808 2809 4862 lu
2871 4809 3089 4865 Menaeis
3129 4809 3192 4864 νι
3239 4811 3363 4863 Jun.
3406 4811 3470 4863 de
3524 4808 3701 4863 Dula:

2121 4889 2288 4958 Οὗτος
2321 4889 2388 4964 ἦν
2415 4896 2486 4972 ὲκ.
2511 4894 2780 4964 Ζεφυρίου
2818 4894 3249 4964 Πραιτωριὰδος,
3296 4893 3569 4964 ἐπαρχίας
3603 4893 3702 4960 τῆς

2123 4978 2399 5040 Κιλικίας.
2424 4975 2580 5032 Unde
2607 4975 2997 5032 Praetoriadem
3029 4976 3232 5032 dictam
3266 4976 3430 5031 fuisse
3456 4988 3650 5045 putare
3685 5012 3699 5027 .

2122 5067 2191 5118 At
2237 5079 2342 5118 non
2371 5062 2485 5132 ipsa
2517 5061 2671 5128 urbs,
2721 5061 2814 5115 sed
2867 5061 3017 5116 vicus
3063 5061 3134 5114 illi
3171 5061 3379 5114 vicinus
3404 5075 3469 5114 eo
3501 5075 3703 5128 cogno-

2125 5147 2266 5202 mine
2295 5145 2396 5200 l'uit
2439 5163 2453 5200 :
2501 5161 2624 5199 nam
2661 5143 2822 5199 Dulas
2859 5145 2972 5213 ipse
3007 5135 3078 5197 iu°
3117 5144 3297 5206 Actis,
3335 5153 3464 5196 tom.
3503 5141 3547 5195 II
3573 5141 3700 5196 Jun.

2120 5230 2366 5300 p.1004,
2403 5229 2587 5292 ἔθνους
2640 5228 2740 5297 μὲν
2784 5230 2920 5299 είμί,
2966 5229 3160 5297 inquit,
3197 5228 3458 5292 Κιλίκων,
3504 5226 3704 5298 κώμης

2117 5316 2174 5370 δὲ
2203 5314 2630 5386 Πραιτωριάδος,
2659 5313 2860 5368 Aberat
2885 5311 3214 5382 Zephyrium
3239 5311 3309 5366 M.
3332 5311 3391 5366 P.
3410 5311 3480 5366 34
3503 5311 3698 5373 Tarso.

2119 5400 2162 5454 si
2193 5399 2381 5452 iisdem
2411 5397 2552 5449 Actis
2586 5395 2756 5449 ﬁdere
2775 5394 2856 5449 Ias
2882 5406 2984 5451 est.
3014 5394 3144 5465 Ejus
3176 5397 3465 5465 epist-opus
3509 5393 3701 5448 Petrus

2119 5480 2328 5543 πόλεως
2357 5479 2451 5533 τοῦ
2478 5477 2741 5548 Ζεφυρίου
2767 5478 2863 5548 τῆς
2895 5478 3119 5549 πρώτης
3137 5479 3246 5532 τῶν
3271 5479 3513 5532 Κιλίκων
3531 5480 3702 5549 ἐπαρ-

2121 5565 2244 5636 χίας
2274 5565 2326 5619 in
2354 5563 2768 5631 ConStautinop.
2807 5565 2988 5637 tertio,
3013 5579 3064 5632 p.
3092 5562 3197 5618 670
3227 5564 3446 5618 dicitur.

2189 5649 2328 5704 Ibid.
2379 5646 2648 5712 Κιλικίας
2671 5644 2753 5710 β’.
2809 5645 2960 5700 lianc
2993 5648 3350 5716 provinciam,
3383 5646 3553 5715 priori
3601 5645 3696 5700 ab-

2121 5741 2419 5801 stractam,
2472 5740 2528 5791 et
2563 5733 2930 5796 ;Anazarbun'
2981 5731 3304 5805 IlielI‘OpOIIII
3360 5730 3700 5790 Theodosius
