3980 6210
370 308 501 375 1161

366 419 638 478 secundus
693 418 840 485 fecit,
898 419 1111 484 Malala,
1165 429 1299 475 tom.
1347 420 1413 485 11,
1447 436 1499 488 p.
1555 419 1622 475 69
1664 426 1934 473 auctore:

369 504 480 558 Καὶ
505 502 757 556 Κιλικίαν
779 501 1045 571 δευτέραν
1075 502 1414 572 ἀπομερίσας
1444 504 1553 555 ἀπδ
1582 504 1679 573 τῆς
1710 502 1937 572 πρώτης

368 585 625 657 ἐποίησεν
649 587 934 657 ἐπαρχίαν,
967 588 1090 649 δοὺς
1119 587 1327 639 δίκαιον
1369 587 1754 655 μητροπόλεως
1782 585 1941 638 Ἀνα-

374 669 564 740 ζάρϐῳ
592 674 659 740 τῇ
690 670 862 724 πόλει.
894 671 990 724 Cui
1026 683 1200 724 tamen
1242 679 1423 722 utrum
1467 679 1580 722 tuto
1624 669 1940 725 assentiaris

367 754 580 808 dubites
618 772 630 807 :
667 770 786 808 nam
816 755 869 808 in
910 754 1116 808 Notitia
1147 754 1275 821 imp.
1308 753 1509 807 Orient.
1544 760 1769 820 utraque
1808 752 1939 821 Cili—

367 838 449 891 cia
487 846 860 904 memoratur;
893 847 948 892 et
996 852 1195 906 prteses
1234 836 1462 899 Ciliciw,
1496 834 1796 904 cuiusmodi
1830 851 1943 887 ma-

362 920 624 989 gistratus
665 920 790 977 huic
841 921 943 974 luit
990 920 1300 988 impositus,
1335 928 1416 973 est
1463 919 1516 971 in
1551 919 1695 971 Actis
1729 916 1942 972 Claudii

363 1001 464 1055 sub
494 1001 828 1056 Diocletiano
858 1002 1000 1070 apud
1038 1002 1293 1054 Ruinart.
1330 1016 1385 1069 p.
1417 1000 1548 1061 266.
1580 1009 1634 1053 et
1669 999 1770 1054 sub
1800 999 1942 1053 Con-

363 1084 565 1137 stantio
601 1086 652 1137 in
686 1083 722 1137 I.
766 1099 917 1150 xxrv,
959 1100 1009 1138 e.
1053 1082 1261 1139 'I‘heod.
1293 1084 1357 1138 de
1388 1083 1647 1151 Appellat.
1691 1090 1851 1151 atque
1882 1081 1935 1134 in

364 1167 635 1221 Ammian.
674 1182 827 1232 um,
863 1184 913 1222 c.
938 1167 995 1221 2.

435 1250 551 1304 Col.
578 1248 696 1303 152.
722 1248 1084 1317 Ἀνάζαρόος.
1110 1248 1261 1302 lianc
1280 1248 1600 1317 metropolin
1622 1254 1814 1315 prmter
1834 1246 1944 1301 Ma-

365 1331 525 1387 Ialam
584 1335 823 1403 synodus
881 1332 1255 1399 Mopsuestena
1293 1331 1608 1399 frequenter
1656 1340 1941 1387 memorat.

369 1414 503 1470 Vide
531 1416 730 1475 concil.
750 1414 1161 1483 Coustautinop.
1194 1415 1489 1469 secundum
1520 1429 1571 1483 p.
1606 1414 1708 1469 119
1733 1423 1787 1468 et
1818 1415 1943 1468 Ant.

368 1497 504 1550 Itin.
535 1512 589 1567 p.
620 1497 744 1550 213.

441 1580 577 1636 Ibid.
617 1581 1026 1647 Μοψουεστία.
1066 1580 1396 1649 Mopsuestia
1433 1582 1644 1638 colonia
1682 1580 1947 1636 Christia-

370 1663 593 1718 nissima
622 1664 673 1717 in
703 1665 847 1718 Actis
876 1663 1279 1731 Constantinop.
1322 1665 1545 1720 secundi
1585 1681 1638 1733 p.
1674 1665 1797 1725 118,
1840 1677 1947 1731 quo

370 1747 525 1799 titulo
565 1747 779 1815 quando
812 1748 995 1801 ornari
1029 1747 1196 1801 fuerit
1239 1757 1413 1816 empta
1449 1747 1697 1817 equidem
1729 1746 1945 1817 ignoro.

382 1828 526 1900 Ἱερὰ
553 1829 649 1881 καὶ
671 1829 933 1897 ἐλευθέρα
963 1830 1054 1882 καὶ
1082 1829 1279 1892 ἄσυλος
1304 1830 1356 1883 in
1395 1828 1549 1884 Thes.
1580 1845 1634 1899 p.
1656 1829 1809 1895 CLV,
1836 1829 1869 1882 4
1892 1837 1949 1883 et

370 1912 599 1966 liberum
630 1914 883 1980 oppidum
917 1910 1110 1966 Plinio.
1150 1911 1284 1966 Vide
1311 1912 1445 1966 Itin.
1472 1916 1544 1967 Η.
1575 1928 1627 1982 p.
1657 1913 1782 1968 580.

438 1993 573 2048 Ibid.
622 1995 846 2063 Αῑγεαι.
890 1994 1091 2049 Civitas
1125 1993 1295 2064 Αἷμα
1340 1996 1391 2049 in
1434 1997 1577 2050 Actis
1615 1994 1674 2050 S.
1706 1995 1945 2061 Claudii,

367 2092 416 2131 c.
450 2077 504 2140 1,
537 2087 592 2131 et
632 2076 817 2148 IEgma
849 2077 901 2131 in
949 2076 1166 2147 Synodo
1198 2078 1577 2145 Mopsuestana
1626 2079 1770 2133 inter
1812 2094 1944 2134 con-

369 2161 457 2215 cil.
498 2160 915 2231 Constantinop.
976 2174 1085 2215 sec.
1142 2158 1381 2223 decreta,
1446 2177 1496 2229 p.
1547 2160 1671 2215 118.
1722 2161 1944 2228 Λίγαῖα.

368 2242 728 2298 Constantino
768 2241 1107 2311 imperatori,
1142 2243 1176 2303 I,
1222 2260 1260 2305 ι,
1309 2244 1474 2298 them.
1514 2244 1601 2306 15,
1639 2242 1842 2298 Basilio
1872 2242 1944 2295 Μ.

367 2326 532 2395 epist.
589 2325 697 2380 244
753 2325 1095 2396 Patrophilus
1139 2326 1424 2398 cpisc0pus
1469 2328 1569 2396 τῆς
1616 2328 1674 2378 ὲν
1721 2327 1946 2395 Αίγέαις

366 2408 705 2479 ἐκκλησίας,
756 2425 979 2480 prorsus
1046 2411 1109 2463 ad
1174 2408 1440 2465 Hieroclis
1494 2420 1750 2465 mentem.
1815 2411 1948 2467 Vide

368 2493 568 2549 Anton.
601 2494 725 2549 Itin.
771 2509 825 2562 p.
864 2494 985 2547 146.
1040 2493 1213 2548 Situm
1234 2495 1412 2565 oppidi
1461 2496 1593 2547 Acta
1621 2495 1679 2548 S.
1722 2495 1947 2550 Zenobii

368 2580 421 2633 in
452 2577 726 2634 Lambecii
766 2578 901 2632 Bibl.
952 2576 1155 2633 Cwsar.
1188 2595 1308 2643 VIII,
1346 2596 1397 2649 p.
1429 2580 1535 2633 256
1571 2591 1827 2635 accurate
1874 2583 1945 2638 ita

365 2661 680 2715 desrribunt
712 2677 727 2714 :
769 2663 931 2729 Αἰγαὶ
952 2662 1107 2725 πόλις
1132 2662 1279 2714 ἐστὶν
1305 2662 1400 2715 ἐπὶ
1428 2662 1611 2729 κόλπῳ
1649 2667 1748 2733 μὲν
1775 2663 1947 2733 Ἰονίῳ

369 2746 597 2816 κειμένη
622 2785 638 2809 ,
690 2745 794 2798 ὑπὸ
825 2745 1061 2798 Κιλίκων
1097 2747 1153 2798 δὲ
1215 2748 1532 2818 οἰκουμένη.
1588 2744 1709 2811 Ἦς
1742 2748 1804 2801 τὸ
1845 2749 1946 2818 μὲν

370 2829 507 2899 πρὸς
565 2829 794 2898 ἤπειρον
850 2828 910 2880 οὗ
954 2828 1111 2883 πολύ.
1163 2829 1431 2895 utarei“
1476 2832 1570 2883 καὶ
1631 2832 1832 2895 ἱκανῶς
1868 2834 1946 2894 είς

370 2912 547 2982 μῆκος
579 2911 873 2982 διήκουσαν
916 2912 945 2964 ὁ
985 2913 1084 2980 τῆς
1140 2914 1380 2978 γείτονος
1452 2914 1730 2982 θαλάσσης
1777 2917 1946 2985 ὅρμος

368 2995 666 3067 ἐκδέχεται.
696 2994 833 3049 Male
861 3006 1036 3049 tamen
1068 2995 1256 3065 κόλπῳ
1299 2998 1470 3066 Ἰονίῳ
1506 2998 1792 3063 astruilur,
1824 3013 1946 3066 qua:

369 3078 587 3149 Ἰσσικῷ
623 3079 799 3133 vicina
826 3080 948 3133 fuit.
1590 3076 1593 3081 ’

439 3163 572 3217 Ibid.
642 3163 981 3231 Ἑσπέραν-ια.
1033 3161 1391 3232 Epiphaniam
1437 3162 1943 3236 Cilicite'oppidum

368 3246 687 3300 Ammianus
720 3262 857 3311 xxii,
889 3246 977 3313 11,
998 3246 1252 3315 appellat.
1282 3246 1515 3302 Basilius
1553 3248 1765 3313 πόλεως
1799 3248 1947 3301 Ἐπι-

369 3329 595 3397 φάνειας
621 3329 719 3399 τῆς
748 3329 1009 3400 δευτέρας
1052 3329 1162 3382 τῶν
1199 3329 1443 3383 Κιλίκων
1472 3331 1761 3403 ἐπαρχίας.
1806 3331 1948 3387 Cou-

369 3415 662 3481 stantiuop.
700 3415 858 3468 tertio
901 3430 952 3483 p.
990 3414 1095 3468 670
1139 3422 1189 3467 et
1240 3412 1458 3469 Nicetes
1511 3415 1942 3485 Epiphaneorum

365 3497 607 3552 civitatis
652 3497 1072 3569 Constantinop.
1108 3499 1348 3554 secundo
1379 3512 1433 3566 p.
1464 3498 1568 3553 152
1598 3500 1941 3569 subscripsit.

374 3576 451 3631 De
478 3579 803 3634 Alexandria
835 3580 1022 3636 Itiuer.
1052 3579 1123 3637 Il.
1166 3597 1218 3651 p.
1249 3580 1375 3635 580.

444 3659 579 3714 Ibid.
629 3659 873 3726 Ῥῶσος.
930 3662 1223 3716 Assidebat
1273 3663 1439 3717 Issico
1466 3664 1580 3717 sive
1619 3662 1842 3728 Rhosio,
1883 3673 1945 3719 ut

369 3742 622 3814 Polyaeno
653 3743 875 3807 dicitur,
906 3744 1075 3798 sinui.
1112 3745 1483 3799 'I‘heodoretus
1514 3743 1748 3799 Philoth.
1779 3762 1829 3800 c.
1870 3763 1900 3799 χ
1928 3762 1942 3799 :

382 3826 585 3889 Ῥὦσος
611 3827 728 3879 ἐστὶ
769 3827 1003 3880 Κίλισσα
1045 3828 1222 3889 πόλις,
1258 3830 1316 3879 ὲν
1347 3826 1501 3897 δεξιᾷ
1522 3828 1827 3882 εἰσπλέοντι
1855 3830 1947 3882 τὸν

370 3909 618 3962 Κιλίκιον
647 3909 867 3963 κόλπον.
911 3909 1158 3963 Proxime
1183 3909 1371 3964 urbem
1404 3923 1594 3963 saxum
1621 3918 1737 3964 erat
1763 3911 1947 3964 excel-

369 4008 515 4059 sum,
547 3992 688 4062 quod
719 3990 1048 4048 Ptolemaeus
1090 4002 1143 4047 et
1177 3992 1487 4061 Stephanus
1526 3991 1788 4045 Ῥωσικὸν
1819 3993 1948 4046 0x6-

371 4076 536 4129 πελον
565 4086 778 4131 vocant.
815 4076 1073 4145 Ejusdem
1120 4077 1371 4131 meminit
1396 4075 1682 4146 Polyaenus
1725 4078 1778 4141 4,
1810 4078 1862 4141 6,
1892 4078 1947 4143 9,

368 4160 472 4214 etsi
508 4174 650 4213 nunc
682 4159 811 4212 vitio
835 4159 1145 4215 deformati.
1179 4159 1237 4213 ’0
1265 4159 1363 4229 μὲν
1394 4160 1948 4231 Σωσιγένης,σὶη(ιυίι,

371 4243 465 4295 ἐπὶ
498 4241 897 4313 Ὀρθιουμάγου
926 4242 1215 4312 διέτριϐεν,
1241 4241 1570 4297 ἀποσκοπῶν
1596 4244 1697 4313 τὴν
1720 4244 1815 4298 τοῦ
1848 4262 1949 4297 πε-

371 4325 569 4393 λάγους
622 4328 862 4396 κίνησιν.
910 4324 1217 4379 Nihilenim
1265 4326 1351 4379 hic
1393 4337 1477 4380 est
1524 4326 1947 4398 Ὀρθιουμάγου,

370 4407 630 4463 Celticum
662 4411 788 4478 quid
821 4408 1053 4475 spirans,
1086 4407 1427 4463 vocabulum.
1460 4409 1589 4464 Ahr.
1623 4410 1863 4465 Ortelius
1884 4413 1950 4467 de

373 4488 716 4555 Orthosiade,
752 4491 1040 4546 Pluenices
1070 4492 1287 4561 Oppido,
1318 4492 1604 4561 cogitavit;
1644 4497 1788 4564 quod
1824 4509 1946 4550 cum

375 4572 585 4643 longius
613 4589 642 4627 a
678 4574 863 4630 Ilhoso
889 4585 943 4630 et
972 4573 1223 4629 vocabuli
1257 4575 1508 4629 ductibus
1542 4577 1725 4640 distet,
1762 4577 1947 4649 ὀρθίου

374 4656 550 4723 πάγου
580 4658 782 4721 malim,
831 4672 938 4726 quo
988 4657 1146 4711 modo
1190 4656 1423 4726 ’ὀρθίους
1452 4658 1657 4728 πέτρας
1697 4661 1752 4724 4,
1793 4663 1846 4725 5,
1878 4661 1950 4718 25

373 4740 532 4794 dixit.
578 4740 775 4796 Posses
803 4740 971 4797 etiam
1006 4739 1315 4809 ὀρθοπάγου
1357 4740 1533 4808 legere
1566 4742 1635 4795 ob
1666 4742 1779 4797 haec
1823 4744 1975 4799 Plu-'

372 4823 545 4878 tarchi
598 4825 648 4877 in
701 4823 843 4895 Sylla
905 4840 957 4889 p.
1003 4822 1109 4875 465
1144 4840 1159 4877 :
1202 4822 1358 4873 Ἐστι
1389 4822 1443 4873 δὲ
1485 4824 1697 4895 κορυφὴ
1723 4829 1951 4898 τραχεῖα

372 4906 465 4957 καὶ
494 4907 846 4976 στροϐιλῶδες
874 4906 1019 4974 ὅρος,
1053 4904 1080 4957 ὃ
1101 4903 1373 4971 καλοῦμεν
1402 4904 1730 4974 ὀρθόπαγον.

441 4989 578 5044 Ibid.
615 4991 1069 5058 Είρηνούπολις.
1130 4991 1328 5046 Paulus
1365 4990 1814 5059 Εἰρηνουπόλεως
1847 4994 1951 5065 τῆς

369 5072 633 5144 δευτέρας
680 5074 789 5127 τῶν
828 5074 1068 5127 Κιλίκων
1109 5072 1383 5141 ἐπαρχίας
1417 5082 1503 5126 est
1552 5074 1604 5126 in
1636 5072 1950 5132 Constanti-

370 5171 499 5225 nop.
535 5160 696 5212 tertio
740 5176 794 5226 p.
840 5158 964 5222 670,
1001 5168 1055 5211 et
1088 5157 1138 5210 in
1176 5156 1366 5210 Ililarii
1395 5154 1612 5225 Fragm.
1643 5156 1837 5227 Operis
1872 5162 1954 5215 hi-

370 5251 504 5294 stor.
540 5240 822 5296 Narcissus
874 5241 1192 5308 Irenopolis,
1220 5241 1312 5309 qui
1349 5256 1468 5294 cum
1497 5241 1809 5311 Νάρκισσος
1842 5246 1952 5299 ἀπὸ

369 5322 716 5391 Νερωνιάδος
763 5325 1059 5377 Athanasio
1105 5323 1331 5394 Apolog.
1383 5323 1570 5377 Ariau.
1619 5325 1808 5391 ρ.155
1860 5329 1950 5393 sit,

375 5418 703 5460 monuerunt
750 5408 1079 5462 Beuedietini
1133 5408 1416 5475 Neropolis
1465 5408 1517 5460 in
1576 5407 1782 5464 Hilario
1820 5412 1948 5467 olim

377 5484 562 5550 luisse,
598 5504 784 5557 parum
817 5504 945 5543 sane
979 5491 1337 5555 considerate,
1378 5491 1643 5559 siquidem
1690 5491 1952 5550 Neronias

372 5580 426 5623 et
468 5568 758 5639 lreuopolis
792 5572 983 5624 eadem
1039 5572 1167 5625 urbs
1208 5582 1310 5633 est,
1346 5581 1402 5626 et
1451 5571 1736 5628 Narcissus
1784 5576 1952 5632 Sozo-

376 5668 534 5707 tncno
580 5652 650 5706 Η.
683 5655 748 5706 E.
793 5668 874 5714 ιιι,
902 5655 968 5706 10
1003 5655 1196 5723 praesul
1230 5656 1642 5725 Είρηνοπόλεως
1672 5659 1768 5728 τῆς
1797 5661 1952 5713 Κιλι-

376 5739 503 5801 κίας
524 5740 737 5794 dicitur.
794 5738 1019 5794 Videtur
1069 5739 1389 5793 Neroniadis
1426 5743 1646 5795 nomine
1694 5744 1888 5798 donata
1920 5762 1947 5800 a

703 5839 973 5897 ΡΑτιιοι.
1014 5837 1106 5897 Gtt
1184 5836 1404 5895 CXIII.

1182 309 1567 371 COMMENT.
1613 307 1691 366 IN
1738 303 2155 369 HIEROCLIS
2192 302 2731 368 SYNECDEMUM.

3492 305 3625 395 ttae

2046 415 2294 485 Claudio,
2326 419 2470 488 quod
2495 418 2599 474 sub
2630 416 2935 473 Domitiano
2966 415 3294 486 imperatore
3314 410 3426 487 jaiu
3458 419 3625 491 depo.

2045 512 2230 557 suerat
2269 518 2281 553 :
2336 503 2594 559 discimus
2636 502 2739 556 hoc
2788 516 2853 555 ex
2897 501 3114 569 egregio
3144 500 3304 555 Gazae
3339 500 3624 565 Wildiauc

2046 599 2286 650 nummo,
2307 586 2399 655 qui
2427 600 2527 639 una
2548 596 2697 655 parte
2718 586 2973 664 ΑΥξὈΚ.
2994 585 3267 638 ΚΛΙΣΑΡ.
3294 586 3621 641 ΔΟΜΙΤΙΑ..

2046 675 2099 719 et
2138 670 2307 722 altera
2342 660 2952 722 ΕΙΡΙΙΝΟΠΟΛΕΓῙὩΝ
3001 667 3106 720 ΕΤ.
3151 669 3265 721 BM.
3301 684 3421 723 cum
3454 672 3619 737 ligura

2049 752 2287 805 turribus
2311 761 2517 807 ornata:
2550 752 2809 831 mulieris.
2843 752 3069 820 rupibus
3102 750 3410 819 insidentis,
3439 768 3469 808 e
3492 769 3627 823 quo-

2048 848 2165 887 rum
2202 835 2337 903 pede
2367 835 2543 890 amnis
2572 835 2821 905 emergit.
2853 834 2982 887 [Era
3016 837 3066 886 in
3114 834 3323 888 Claudii
3355 838 3627 905 principa-

2050 925 2185 980 tum,
2220 916 2264 971 si
2297 917 2649 972 conl'erantur
2672 918 2878 972 nummi
2911 932 3047 987 quos
3084 915 3397 975 Vaillautius
3438 920 3625 987 habet,

2052 999 2277 1055 incidet.

2122 1082 2271 1135 Ibid-
2298 1083 2580 1150 Φλαϐιάς.
2610 1084 2964 1150 Φλαυῖόπολις
2992 1085 3281 1142 1³101811).ξο
3311 1093 3365 1139 et
3391 1085 3627 1139 nummis

2048 1161 2548 1218 Φλαουιοπολειτῶν
2587 1168 2639 1221 in
2675 1167 2826 1221 Thes.
2854 1169 3061 1222 Britan.
3091 1179 3222 1223 tom.
3252 1168 3318 1236 Il,
3352 1184 3404 1238 p.
3430 1169 3538 1221 250
3573 1177 3627 1223 et

2055 1243 2362 1310 Vaillantio,
2392 1264 2446 1315 p.
2476 1248 2602 1314 378,
2641 1264 2672 1303 e
2702 1264 2927 1317 quorum
2952 1250 3159 1320 signata
3189 1253 3392 1322 epocha
3426 1268 3455 1307 a
3490 1251 3624 1307 Ves-

2050 1330 2273 1397 pasiano
2340 1331 2668 1399 imperature
2736 1334 3094 1390 iustauratam
3154 1338 3335 1392 dicere
3390 1347 3622 1405 oportet.

2050 1411 2232 1465 Flavia
2293 1413 2422 1465 Itin.
2472 1416 2668 1469 Anton.
2719 1430 2773 1483 p'.
2825 1416 2930 1469 212
2961 1426 3013 1471 et
3051 1417 3383 1475 Chalcedon.
3422 1420 3623 1474 concil.

2051 1509 2103 1562 p.
2128 1493 2253 1559 660,
2282 1495 2373 1549 ubi
2404 1494 2642 1551 Joannes
2678 1498 2975 1562 ἐπίσκοπος
3004 1499 3323 1565 Φλαϐιάδος.

2120 1576 2256 1631 Ibid.
2308 1577 2730 1638 Καστάϐαλλα.
2786 1580 3138 1635 Καστάὸαλα.
3193 1584 3470 1652 Appianus
3524 1584 3623 1638 Mi-

2053 1660 2272 1714 thridat.
2310 1677 2361 1729 β.
2395 1661 2522 1716 405.
2565 1663 2660 1732 τῆς
2693 1662 2948 1727 Κιλικίας
2978 1663 3131 1716 πόλιν
3162 1665 3415 1729 Κάϐαλα,
3460 1680 3623 1735 quam

2050 1756 2150 1811 ego
2199 1743 2530 1798 Καστάϐαλα
2579 1746 2765 1808 credo,
2819 1756 3103 1801 memorat.
3158 1747 3340 1803 Adfuit
3396 1749 3627 1803 concilio

2050 1825 2469 1895 Constantinop.
2501 1826 2662 1881 tertio
2701 1842 2766 1897 p.-
2799 1828 2904 1881 670
2933 1827 3252 1884 Theodorus
3282 1830 3492 1893 πόλεως
3516 1831 3626 1882 τῶν

2049 1908 2421 1973 Κασταυλῶν,
2480 1925 2577 1978 pro
2650 1910 3043 1964 Κασταϐἀλων.
3109 1910 3243 1966 Vide
3303 1911 3490 1966 ltiuer.
3558 1918 3623 1968 A.

2119 2074 2253 2131 Ibid.
2302 2076 2450 2129 Ὑπὸ
2487 2077 2949 2147 κονσουλάριον.
2994 2079 3106 2135 Sub
3131 2084 3373 2149 Augusto
3403 2076 3654 2150 proviu?

2048 2160 2131 2213 cia
2170 2170 2287 2214 erat
2315 2161 2655 2231 στρατηγική
2687 2162 2802 2216 sive
2836 2163 3110 2231 praetoria,
3156 2172 3293 2218 teste
3334 2161 3624 2245 Strabone.

2050 2242 2087 2297 I.
2121 2257 2233 2305 χιι,
2269 2248 2327 2311 p.’
2352 2242 2456 2297 681
2484 2252 2538 2297 et
2571 2243 2676 2297 line
2712 2259 2844 2310 xvu,
2872 2245 2973 2299 etsi
3008 2256 3196 2315 postea
3230 2246 3296 2300 ad
3322 2242 3412 2316 jus
3444 2248 3628 2317 p0puli

2051 2324 2301 2391 redierit,
2343 2327 2460 2395 ipso
2508 2326 2842 2382 concedente
2883 2328 3148 2399 Augusto,
3200 2341 3254 2384 et
3314 2331 3628 2399 proconsuli

2051 2409 2312 2475 paruerit,
2346 2418 2405 2463 ut
2449 2424 2517 2463 ex
2566 2408 2739 2464 Dione
2784 2426 2891 2473 LIV,
2934 2426 2990 2480 p.
3032 2411 3136 2465 589
3179 2411 3263 2466 Jo.
3322 2412 3529 2467 Alberti
3571 2414 3628 2466 in

2049 2490 2169 2545 Act.
2206 2494 2383 2559 Apost.
2416 2507 2537 2558 xm,
2572 2494 2829 2548 ostendit.
2870 2494 3035 2549 Recte
3064 2510 3194 2565 ergo
3229 2494 3451 2566 Sergius
3485 2495 3627 2549 Pau—

2050 2573 2133 2628 lus
2158 2574 2231 2629 ibi
2257 2575 2570 2638 ἀνθύπαοος
2598 2575 2823 2642 dicitur,
2873 2580 3174 2647 praesertim
3207 2593 3333 2634 cum
3367 2587 3422 2635 et
3447 2580 3631 2635 Comi-

2050 2656 2170 2710 nius
2187 2656 2410 2712 Proclus
2428 2658 2482 2711 in
2506 2658 2833 2729 Cypriorum
2855 2661 2996 2729 apud
3024 2659 3367 2718 Vaillantium
3398 2677 3624 2717 nummo

2047 2737 2374 2803 ἀνθύπατος,
2403 2750 2460 2795 et
2487 2740 2651 2796 Caius
2680 2742 2899 2798 Anitius
2935 2743 3246 2809 Quadratus
3276 2747 3503 2816 Κρήτης
3534 2747 3630 2799 καὶ

2050 2822 2278 2892 Κύπρου
2310 2823 2640 2887 ἀνθύπατος,
2677 2826 2733 2879 in
2766 2827 2942 2895 lapide
2994 2825 3185 2896 Sponii
3214 2838 3345 2883 tom.
3380 2826 3399 2881 l
3440 2822 3657 2886 Itiner.‘

2050 2919 2103 2971 p.
2130 2902 2236 2959 415
2266 2905 2584 2973 appelletur.
2621 2906 2751 2962 Post
2799 2908 2924 2962 dein
2967 2909 3241 2965 consulari
3270 2910 3485 2967 subdita
3518 2922 3627 2978 est,

2050 2986 2205 3054 cujus
2230 2997 2285 3042 et
2318 2987 2528 3042 Notitia
2554 2990 2678 3058 imp.
2717 2989 2814 3044 0r.
2852 3006 2904 3045 c.
2935 3007 2948 3044 ι
2985 2993 3252 3048 meminit.

2120 3070 2254 3125 Ibid.
2297 3072 2535 3138 ,Πόλεις
2581 3080 2663 3126 ιε’.
2696 3072 2761 3127 L.
2794 3074 3129 3132 IIolsteiuius
3163 3078 3218 3132 in
3245 3093 3381 3134 mss.
3419 3076 3655 3135 Farne"

2048 3153 2226 3217 siano,
2282 3154 2366 3209 cui
2398 3164 2455 3209 et
2499 3156 2619 3209 duae
2665 3155 2867 3211 ultima:
2912 3158 3074 3214 urbes
3126 3174 3288 3214 manu
3325 3163 3628 3216 recentioze

2047 3245 2205 3289 erant
2247 3235 2464 3302 additae,
2515 3236 2703 3301 πόλεις
2755 3237 2822 3306 ιγ’
2859 3234 3082 3309 reperit.
3116 3240 3264 3295 Idem
3296 3241 3350 3295 in
3381 3243 3628 3312 pristinis

2046 3316 2385 3373 Constantini
2430 3320 2468 3373 I.
2502 3335 2542 3385 I,
2575 3323 2743 3376 them.
2818 3322 2884 3376 15
2930 3322 3259 3378 editionibus
3293 3323 3494 3392 inerat,
3530 3327 3627 3381 scd

2046 3411 2102 3455 et
2145 3402 2268 3457 aliis
2302 3403 2426 3458 dein
2458 3421 2520 3460 ex
2557 3420 2691 3460 mss.
2734 3406 2804 3459 15
2827 3407 2989 3463 urbes
3018 3408 3072 3462 in
3104 3408 3462 3465 Constantino
3503 3424 3631 3467 sunt

2046 3487 2307 3556 expletae;
2345 3504 2577 3560 cumque
2622 3491 2822 3546 ultimae
2853 3491 3013 3547 urbes
3042 3501 3167 3547 ante
3213 3492 3476 3550 Hieroclis
3496 3507 3628 3550 atta-

2047 3580 2211 3625 tatem
2228 3571 2433 3627 fuerint
2456 3574 2590 3628 satis
2610 3572 2874 3640 celebres,
2898 3574 3034 3628 nihil
3059 3589 3237 3631 causae
3256 3576 3412 3631 video
3434 3594 3627 3648 quarm

2044 3654 2232 3710 obrem
2263 3656 2390 3723 quid
2418 3665 2675 3711 mutetur.

2118 3738 2255 3791 Ibid.
2317 3738 2726 3791 Κωνσταντία.
2796 3736 3027 3794 Salamis
3077 3749 3181 3802 est,
3233 3757 3395 3811 quam
3435 3744 3629 3801 insula:

2049 3820 2373 3890 metropolin
2407 3819 2678 3888 Ephesiua
2725 3824 2969 3890 synodus
3010 3838 3063 3891 p.
3104 3824 3210 3877 779
3259 3833 3314 3879 et
3348 3827 3480 3895 imp.
3516 3827 3629 3882 Leo

2049 3904 2105 3958 in
2135 3902 2294 3973 epist.
2341 3912 2469 3957 tom.
2510 3897 2601 3965 IX,
2649 3902 2845 3958 concil.
2889 3903 3058 3959 Labb.
3090 3919 3143 3974 p.
3178 3904 3281 3958 267
3320 3908 3625 3977 imponunt.

2052 3989 2125 4043 De
2164 4002 2227 4043 ea
2258 3986 2471 4041 abunde
2497 3983 2581 4039 Jo.
2614 3984 2908 4051 Meursius,
2940 3988 2979 4041 I.
3012 4004 3024 4041 I
3060 3988 3246 4058 Cypri,
3286 4005 3339 4046 c.
3371 3991 3463 4045 20.

2127 4073 2262 4127 Ibid.
2307 4069 2649 4140 Ταμασσός.
2677 4069 2766 4125 Sic
2801 4079 2996 4139 praeter
3028 4071 3375 4128 Ptolemaeum
3410 4076 3626 4133 Strabo.

2054 4155 2413 4213 Constantino
2444 4152 2758 4220 imperatori
2791 4154 3071 4225 Ταμασός,
3115 4157 3203 4212 cui
3234 4155 3455 4216 Nonnus
3490 4160 3630 4231 Dyo-

2054 4256 2173 4311 nys.
2219 4252 2343 4301 xm,
2392 4237 2498 4291 445
2538 4246 2593 4291 et
2643 4237 3048 4308 Epaphroditus
3107 4240 3314 4304 πόλεως
3367 4244 3628 4312 Ταμασοῦ

2055 4323 2249 4379 concil.
2280 4321 2614 4376 Chalcedon.
2648 4338 2702 4392 p.
2741 4323 2847 4377 676
2906 4323 3293 4393 astipulantur.
3330 4324 3464 4380 Cum
3500 4344 3631 4383 vero

2054 4404 2432 4477 Ταμασιωτῶν
2509 4404 2580 4458 sit
2634 4408 2774 4475 apud
2802 4405 3068 4462 Gohzium
3105 4423 3355 4464 nummus
3407 4411 3631 4466 dubium

2053 4503 2137 4545 eSt
2176 4492 2306 4560 quin
2362 4490 2417 4543 id
2461 4497 2703 4559 praestet.
2754 4491 2906 4545 Adde
2960 4489 3212 4551 Ovidium
3278 4493 3656 4572 .Iletamorpli.1

2044 4568 2108 4637 'x,
2139 4575 2264 4629 614.

2128 4656 2260 4711 Ibid.
2300 4656 2523 4711 Κίτιον.
2569 4656 2771 4710 Aberat
2817 4658 3009 4712 stadiis
3037 4658 3143 4714 200
3183 4660 3456 4717 Salamine
3488 4666 3629 4728 apud

2058 4742 2346 4797 Diodorum
2381 4756 2472 4803 xx,
2506 4755 2560 4808 p.
2606 4740 2729 4794 785.
2782 4739 2853 4795 De
2881 4756 2946 4795 eo
2973 4755 3167 4809 praeter
3193 4743 3483 4799 Meursium
3516 4746 3551 4798 I.
3590 4762 3651 4815 I,_

2054 4840 2104 4880 c.
2129 4824 2195 4876 10
2227 4823 2529 4875 Bochartus
2570 4821 2786 4892 Pludeg.
2812 4840 2893 4889 ιιι,
2925 4827 2978 4879 5.

2129 4906 2259 4960 Ibid.
2316 4904 2619 4972 Ἀμαθούς.
2680 4903 2794 4958 Hoc
2823 4906 3004 4958 malim
3033 4922 3099 4961 ex
3131 4924 3263 4963 mss.
3295 4909 3542 4978 Lugdun.
3576 4922 3633 4966 et

2054 4988 2415 5045 Constantino
2466 5007 2479 5042 :
2532 5002 2657 5039 nam
2701 4987 3036 5057 Ἀμαοουσία
3072 4992 3273 5061 gentile
3320 5003 3424 5057 est,
3457 4995 3547 5048 cui
3582 4998 3626 5049 si

2054 5075 2209 5138 πόλις
2263 5073 2514 5137 addatur,
2577 5070 2706 5125 Ierri
2765 5074 2983 5141 poterit.
3055 5073 3375 5132 Heliodorus
3421 5078 3627 5142 πόλεως

2064 5156 2461 5227 Ἀμανβοῦντος
2489 5162 2573 5209 est
2601 5154 2653 5207 in
2679 5154 3001 5210 Chalcedon.
3040 5174 3091 5225 p.
3126 5159 3251 5213 670.

2126 5242 2263 5296 Ibid.
2294 5241 2568 5307 Κούριον.
2622 5236 2686 5291 Ει
2734 5239 2837 5294 hoc
2866 5254 2932 5293 ex
2980 5239 3342 5297 Constantino
3375 5244 3650 5310 prmfero,'

2053 5328 2208 5393 cuius
2238 5327 2526 5396 episcopus
2575 5322 2857 5379 Coriensis
2892 5324 2945 5378 in
2980 5325 3252 5395 Ephesino
3291 5343 3343 5396 p.
3388 5329 3491 5381 779
3530 5345 3629 5399 ap-

2054 5410 2305 5481 pellatur.
2349 5408 2449 5462 Ch.
2486 5407 2752 5462 Cellarius
2786 5406 2849 5461 G.
2882 5409 2946 5460 A.
2983 5424 3064 5473 ιιι,
3117 5409 3167 5475 7,
3210 5425 3263 5479 p.
3313 5409 3417 5462 275
3456 5414 3630 5467 nostri

2056 5493 2240 5563 Κόρην
2302 5506 2426 5545 cum
2486 5490 2644 5543 I’linii
2693 5489 2931 5544 Corineo
2965 5492 3167 5560 aliquid
3199 5507 3490 5548 commune
3531 5496 3649 5572 ha-l

2055 5578 2184 5633 bere
2214 5572 2614 5643 suspicabatur,
2649 5575 2793 5641 quod
2833 5588 2953 5641 ego,
2992 5589 3113 5627 cum
3154 5574 3331 5629 dubia:
3365 5576 3437 5631 sit
3478 5577 3628 5641 ﬁdei,

2056 5670 2109 5714 et
2156 5658 2546 5711 Constantinus
2598 5656 2830 5724 Κούριον
2885 5657 3009 5710 hinc
3064 5658 3480 5726 deprompserit,
3527 5660 3632 5712 huc

2058 5756 2337 5799 περιῇς-ιο
2375 5742 2558 5793 nolim.

3244 5839 3311 5899 37
