3980 6210
444 279 589 347 1163

505 393 624 451 Col.
646 393 768 448 l52.
795 391 1019 464 Πάρος.
1045 393 1282 466 Cyprum
1298 392 1527 451 insulam
1543 396 1671 451 huic
1684 395 1800 450 urbi
1814 409 2020 463 cogno-

436 479 640 532 minem
692 476 889 532 fecisse
923 476 1173 532 Servium
1225 479 1495 535 Isidorum
1526 488 1687 548 atque
1718 478 1873 542 alios,
1917 477 2024 532 An-

436 574 547 618 ton.
582 558 775 615 Itincr.
805 575 857 628 p.
894 560 1020 617 256.
1051 564 1428 634 ascripsimus.
1457 561 1710 618 Ovidium
1745 562 1884 617 addo
1909 561 2018 615 Me-

435 644 696 712 tamorph.
728 659 782 707 χ,
813 641 917 698 297
953 661 966 696 :
1003 643 1107 698 Illa
1143 644 1367 715 Paphon
1418 644 1621 716 genuit,
1650 644 1714 700 de
1744 660 1847 715 quo
1882 652 2020 699 (citet

433 726 608 781 insula
644 741 849 779 nomen.

507 812 642 865 Ibid.
684 811 979 879 Ἀρσινόη.
1014 813 1103 868 Sic
1129 825 1274 868 recte
1299 813 1716 885 constantiuus.
1736 808 1875 867 Olim
1903 813 2019 867 haec

433 896 564 949 urbs
597 895 823 949 Marium
859 906 999 960 erat,
1042 899 1319 968 Stephano
1343 905 1515 963 teste;
1552 906 1744 966 estque
1775 897 1892 965 ejus
1920 908 2017 949 rex

433 979 574 1046 apud
604 978 900 1033 Diodorum
936 981 1023 1046 19,
1060 998 1112 1051 p.
1147 982 1241 1037 701
1286 1000 1299 1037 :
1343 981 1405 1034 '0
1431 981 1488 1034 δὲ
1533 980 1757 1042 Κιτιεὺς
1785 979 1881 1034 καὶ
1908 978 2017 1031 Λα-

432 1062 639 1127 πίθιος,
665 1062 745 1115 ἔτι
770 1061 825 1115 δὲ
848 1064 1062 1134 Μάριος
1098 1067 1187 1118 καὶ
1220 1064 1523 1135 Κερυνίτης
1553 1063 1653 1134 τὴν
1686 1061 1821 1134 πρὸς
1850 1060 2014 1113 αὑτὸν

430 1147 614 1215 φιλίαν
648 1147 1040 1202 συντέθεινται.
1081 1147 1182 1204 Ub’i
1236 1159 1420 1203 tamen
1470 1148 1720 1218 Μαριεύς
1762 1154 2013 1215 oportue—

431 1239 514 1284 rat
566 1248 579 1284 :
633 1230 681 1283 id
731 1231 878 1284 enim
916 1233 1069 1287 urbis
1119 1233 1344 1302 gentile.
1389 1233 1652 1287 Eumdem
1695 1228 2012 1282 Στασίοικον

429 1316 521 1371 τὸν
555 1314 780 1386 βασιλέα
808 1316 917 1369 τῶν
952 1317 1206 1380 Μανέων,
1242 1332 1293 1386 p.
1327 1316 1433 1370 704
1458 1323 1514 1370 et
1566 1314 1886 1368 Στασίοικον
1917 1312 2012 1365 τὸν

430 1400 524 1453 τοῦ
546 1399 820 1463 Μαλιέως,
867 1414 920 1468 p.
957 1400 1063 1454 7l9
1110 1400 1269 1468 vulgo
1306 1398 1430 1454 libri
1477 1397 1770 1468 appellant,
1809 1396 2012 1451 rectius

432 1484 720 1552 utrobique
747 1483 856 1535 τῶν
878 1482 1571 1558 Maptéwv'nuncupaturi.
1601 1479 1728 1537 Scio
1755 1479 1858 1535 Ch.
1889 1478 2011 1536 Cel-

430 1566 624 1622 larium
657 1566 721 1622 G.
750 1584 779 1621 a
817 1568 872 1631 5,
906 1571 961 1631 7,
989 1583 1042 1637 p.
1069 1567 1176 1623 273
1204 1567 1563 1637 posteriorem
1598 1566 1920 1629 advocasse,
1949 1570 2010 1618 ut

427 1650 615 1705 Μάλον
646 1651 887 1722 ejusdem
921 1651 1141 1706 Diodori
1190 1667 1287 1715 xu,
1330 1664 1384 1719 p.
1414 1649 1485 1704 75
1549 1655 1831 1716 tueretur;
1863 1647 2006 1715 quod

430 1750 553 1789 cum
586 1750 848 1805 nusquam
891 1734 1016 1789 alibi
1050 1735 1122 1790 sit
1161 1735 1360 1789 lectum
1408 1742 1462 1789 et
1505 1732 1804 1788 Stasimcus
1834 1729 2007 1786 Mario

431 1808 801 1886 imperaverit,
830 1828 1010 1887 putem
1043 1819 1109 1872 ad
1150 1818 1398 1873 eamdem
1432 1815 1660 1872 lormam
1688 1828 1807 1872 esse
1841 1813 2007 1870 reﬁn-

421 1904 682 1972 gcndum.
708 1901 840 1958 Nam
872 1902 1160 1967 Arrianus,
1191 1905 1276 1956 cui
1312 1901 1680 1958 testimonium
1712 1899 1798 1954 Jo.
1830 1897 2007 1954 Meur-

426 1988 540 2042 sius
567 2001 608 2048 t,
662 1989 731 2042 15
773 1987 1114 2041 denuntiarit
1155 1986 1276 2040 Mali
1323 1999 1508 2051 causa,
1566 1983 1699 2038 nihil
1734 1983 2002 2052 prodest:

428 2070 675 2124 meminit
719 2085 847 2124 sane
883 2071 949 2125 de
980 2068 1187 2138 Emped.
1238 2069 1503 2124 Alexand.
1541 2084 1605 2133 tt,
1643 2066 1715 2123 20
1751 2065 2002 2122 Solorum

424 2162 479 2204 et
519 2151 682 2216 Malli,
721 2167 842 2220 quae
874 2152 1078 2207 Cicilia’
1112 2151 1305 2221 oppida
1352 2151 1521 2207 luisse
1567 2164 1725 2206 nemo
1766 2149 2000 2219 ignorat.

422 2236 573 2290 Adde
599 2233 715 2289 Jac.
744 2235 1096 2300 Gronovimn,
1130 2236 1260 2289 mihi
1294 2235 1751 2299 consentientem,
1782 2233 1836 2289 in
1864 2232 2000 2304 Scy-

423 2318 615 2381 Iacetn,
646 2335 697 2389 p.
733 2319 824 2374 9S.

494 2403 626 2458 Ibid.
667 2405 866 2458 Σόλοι.
900 2401 1034 2458 Acta
1072 2396 1294 2456 ‘Auxibii
1332 2415 1384 2456 c.
1437 2399 1463 2455 1
1519 2414 1715 2472 pagum
1771 2394 2000 2454 Limnen

422 2484 495 2541 IlI.
520 2484 582 2543 P.
620 2486 655 2540 4
681 2487 749 2542 ab
792 2485 925 2541 urbe
958 2494 1238 2540 semovent
1273 2494 1330 2539 et
1371 2483 1575 2537 Σολίων
1611 2481 1768 2537 πόλιν
1804 2482 2001 2553 appel-

420 2571 573 2634 lant,
606 2580 657 2625 et
696 2570 821 2641 jure
854 2586 873 2624 :
913 2584 1035 2623 nam
1072 2567 1247 2621 Σόλιοι
1288 2569 1356 2622 ab
1407 2567 1509 2622 hac
1540 2568 1699 2632 urbe,
1742 2565 1904 2621 sicuti
1932 2563 2001 2619 ab

421 2654 663 2721 ejusdem
701 2654 937 2708 nominis
1005 2653 1062 2705 ltt
1092 2650 1284 2717 Cicilia
1313 2649 1518 2714 Σολεῖς,
1567 2646 1998 2717 appellabantur,

421 2750 526 2804 qua
558 2737 626 2792 de
656 2751 714 2790 re
740 2751 900 2804 supra
935 2750 1003 2788 ex
1035 2735 1182 2788 Arati
1220 2732 1362 2786 Vita.
1408 2730 1649 2787 Galenus
1680 2730 1811 2785 ἁπλ.
1841 2746 2000 2802 φαρ-

425 2836 559 2888 μακ.
588 2818 621 2873 9
650 2832 703 2887 p.
747 2817 887 2882 I25,
950 2815 1058 2870 τῶν
1092 2816 1149 2870 ὲν
1184 2815 1397 2887 Κύπρῳ
1441 2812 1618 2869 Σόλων
1664 2814 1911 2869 meminit
1946 2819 2002 2869 et

422 2902 781 2958 metallorum.
812 2915 932 2971 qua:
962 2900 1156 2955 stadiis
1183 2900 1253 2954 50
1286 2901 1352 2953 ab
1384 2898 1581 2968 oppido
1615 2898 1862 2953 aberant.

492 2985 627 3043 Ibid.
680 2984 967 3051 Λάπιθος.
1018 2983 1136 3039 Non
1196 2984 1356 3038 aliter
1405 2984 1535 3054 Acte
1586 2984 1803 3039 Auxihii
1848 2996 1900 3041 c.
1942 2984 1996 3052 1,

419 3074 767 3135 Ptolemteus,
818 3069 1076 3142 Didymus
1126 3067 1336 3128 πόλεως
1379 3067 1624 3121 Λαπίθου
1672 3069 1725 3122 in
1777 3068 2002 3124 Chalce-

418 3159 547 3213 don.
604 3154 799 3212 concil.
850 3168 907 3224 p.
960 3151 1086 3217 670,
1126 3162 1180 3208 et
1224 3151 1478 3220 βασιλεὺς
1524 3150 1804 3232 Λαπιθίας
1856 3153 1999 3223 apud

419 3239 711 3307 Diodorum
764 3237 851 3301 19,
889 3253 942 3304 p.
991 3234 1093 3290 719
1121 3243 1175 3290 et
1227 3236 1498 3301 Λαπίθιος
1544 3251 1598 3304 p.
1632 3234 1758 3290 701.
1790 3234 1996 3292 Tamen

417 3338 540 3376 cum
568 3318 945 3375 ΛΛΙΙΠΘΕΩΝ
967 3332 1220 3373 nummus
1242 3319 1315 3374 sit
1347 3312 1487 3389 apud
1509 3317 1799 3383 Goltzlum,
1819 3327 1877 3374 et
1905 3332 1999 3374 ve-

419 3415 593 3459 terum
625 3405 835 3476 plures.
865 3417 897 3457 a
927 3399 1164 3457 Meursio
1210 3401 1262 3468 1,
1306 3399 1375 3456 l2
1400 3401 1677 3467 conducti,
1737 3401 2000 3473 Λάπηθον

417 3497 632 3553 vocent,
664 3488 717 3542 id
742 3485 945 3541 malim.

428 3573 437 3580 ‘
489 3569 623 3623 Ibid.
664 3568 727 3623 ϐ.
760 3566 1016 3637 Κιρδοῖα.
1044 3564 1400 3621 Constantino
1430 3564 1465 3621 Ι.
1493 3579 1536 3632 r,
1561 3565 1730 3621 them.
1758 3565 1827 3622 15
1856 3566 1998 3637 Κερ-

417 3653 539 3725 μία,
581 3667 741 3722 quam
771 3649 856 3706 Io.
890 3649 1159 3705 Meursius
1191 3650 1244 3716 I,
1275 3652 1310 3708 9
1343 3664 1374 3705 a
1407 3651 1639 3707 Ccronia
1666 3652 1781 3707 sive
1814 3649 1992 3707 Ceru-

417 3736 524 3800 nia,
560 3734 701 3791 haud
759 3733 977 3789 dill‘erre
1027 3742 1294 3788 autumat.
1318 3733 1414 3788 trAt
1459 3748 1581 3788 eam
1630 3743 1756 3804 post
1799 3735 1994 3791 deinde

374 3820 381 3823 ’
411 3817 690 3874 Hierocles
721 3826 774 3873 et
807 3815 1200 3872 Constantinus
1227 3825 1550 3882 recensent;
1598 3831 1788 3887 quare,
1820 3817 1995 3872 donec

412 3904 621 3959 I'eIicior
651 3916 842 3958 manus
880 3900 1073 3956 vitium
1107 3901 1418 3969 deterserit,
1470 3899 1818 3958 Cremaseam
1847 3900 1993 3956 arbi-

413 3987 621 4053 trabor,
655 4001 763 4058 qua
785 3986 851 4041 de
876 3985 1099 4040 Nonnus
1126 3984 1210 4049 15,
1242 3985 1383 4041 455ι

415 4123 484 4178 01
526 4120 579 4179 τ’
601 4118 771 4192 εἴχον
800 4120 1194 4191 Κρεμάσειαν,
1235 4118 1561 4189 ἀλιστεφὲς
1594 4114 1782 4187 οὖδας
1806 4120 1988 4264 (1ρηύ-

1737 4207 1875 4260 ρης-

1737 4207 1875 4260 ρης·

470 4314 619 4370 ~Ihid.
671 4314 903 4383 Κύθροι.
956 4311 1210 4383 Κυθηρία
1240 4310 1469 4368 Carolus
1500 4327 1530 4366 a
1559 4310 1618 4368 S.
1643 4313 1810 4369 Paulo
1838 4329 1987 4369 mar-

396 4398 517 4469 .gini
544 4397 797 4454 editionis
824 4410 936 4451 suae
973 4392 1518 4466 ascripsit,{favetqtte
1549 4395 1983 4464 Constantinus;

408 4496 529 4550 quae
559 4490 737 4536 tamen
768 4478 1105 4547 conjectura,
1138 4480 1390 4548 quoniam
1411 4478 1512 4534 hoc
1544 4478 1764 4534 nomine
1794 4480 1984 4535 urbem

407 4565 621 4634 Cyprus
666 4563 955 4633 ignoravit,
1002 4570 1061 4615 ut
1112 4562 1252 4616 bene
1310 4570 1504 4614 contra
1543 4560 1835 4615 Meursium
1881 4561 1980 4615 Ch.

409 4645 672 4703 Cellarius
700 4644 765 4699 G.
798 4645 862 4699 A.
892 4646 947 4708 5,
984 4644 1041 4707 7,
1083 4658 1137 4712 p.
1184 4643 1284 4697 28l
1329 4643 1584 4709 asseruit,
1614 4642 1837 4713 rejicula
1865 4658 1986 4699 esse

409 4730 590 4786 debet.
637 4727 964 4798 Iutelligitur
999 4727 1398 4782 mediterranea
1440 4725 1633 4782 insulae
1668 4728 1817 4795 urbs,
1868 4742 1987 4797 quae

407 4813 615 4886 Χύθροι
665 4811 790 4866 aliis
814 4820 868 4866 et
914 4810 1148 4867 concilio
1188 4809 1525 4867 Chalcedon.
1562 4811 1690 4867 671.
1726 4812 1858 4868 Cum
1891 4829 1988 4868 no-

407 4908 524 4952 stro
556 4896 684 4952 facit
705 4894 974 4965 Spyridou
1007 4891 1200 4962 praesul
1238 4893 1484 4959 Παλαίας
1515 4896 1634 4967 ἦτοι
1669 4894 1905 4966 Κύθρων
1930 4896 1984 4952 in

405 4978 623 5036 Nicaeae
652 4978 911 5034 secundo.
1312 5004 1317 5009 ε

483 5063 615 5117 Ibid.
663 5061 1032 5130 Καρπάσιον.
1090 5057 1169 5115 Ex
1227 5060 1583 5115 Constantino
1637 5060 1981 5130 recepimus,

402 5144 728 5202 sententiam
763 5143 826 5199 1...
869 5141 1152 5199 Holsteinii
1200 5144 1252 5198 iit
1299 5143 1633 5213 Stephanum
1685 5145 1856 5199 secuti
1914 5146 1984 5199 ob

386 5227 560 5284 Plinii
591 5229 625 5285 5
654 5227 717 5283 51
752 5227 1097 5297 Carpasium.
1120 5226 1315 5282 Caeteri
1347 5225 1684 5297 Καρπασίαν
1727 5231 1980 5296 probant.

458 5313 603 5368 Ibid.
631 5310 918 5379 Κυρήνια.
970 5310 1251 5381 Κορήνεια
1276 5309 1658 5370 Constantino.
1704 5309 1984 5379 Stephano

400 5395 454 5448 io
493 5392 650 5467 Ιιηγὴ
684 5393 884 5449 dicitur
929 5393 1202 5465 Κυρήνια,
1247 5406 1405 5463 quam
1450 5391 1731 5448 Berkelius
1777 5392 1983 5462 impru-

400 5483 592 5533 denter
638 5479 922 5534 Κυδωνίαν
961 5493 1082 5533 esse
1124 5477 1308 5547 jussit.
1361 5476 1576 5530 Cretam
1631 5490 1752 5529 cum
1802 5475 1983 5548 Cypro

371 5561 761 5627 ,confundens.
793 5561 903 5618 Nec
941 5561 1191 5617 dissentit
1226 5558 1584 5629 Meuologium
1632 5558 1978 5615 Carisianum

403 5637 470 5692 Vl
507 5640 650 5698 Maii.
688 5643 881 5700 Verior
912 5654 1114 5709 tamen,
1139 5644 1244 5699 nisi
1279 5641 1510 5697 diversa:
1553 5640 1755 5695 fuerint
1795 5643 1978 5709 urbes,

396 5724 508 5775 erit
532 5723 795 5792 Κερυνία,
832 5727 990 5794 cujus
1036 5741 1129 5780 rex
1174 5726 1480 5796 Κερυνίτης
1517 5725 1749 5781 Diodoro
1781 5723 1982 5781 dicitur
2024 5795 2039 5805 ο

1513 283 1890 344 ADDENDA.
1935 308 2005 318 -
2036 283 2101 344 Ρ.
2142 284 2657 352 WESSELINGII

3576 300 3715 368 1101

2134 397 2203 451 19
2252 411 2309 466 p.
2365 397 2492 463 701,
2523 400 2625 455 etsi
2661 400 2800 455 male
2848 413 2902 470 p.
2954 401 3051 458 701
3100 403 3374 475 Κερυννία
3425 415 3477 459 et
3517 423 3575 478 ι).
3614 412 3718 466 719

2129 479 2394 550 Κερανία.
2424 481 2677 537 Putarem
2708 497 2813 538 non
2844 484 3007 538 aliam
3046 487 3213 540 etiam
3253 502 3374 542 esse
3412 488 3483 542 20
3524 506 3581 560 p.
3620 494 3717 550 783

2129 565 2426 636 Οὐρανίαν,
2459 566 2559 621 nisi
2610 566 2754 622 illius
2784 568 3145 637 patrocinium
3178 568 3403 626 Nonnus
3433 575 3715 642 proﬁtere-

2132 657 2222 703 tur
2272 649 2343 703 15
2368 649 2474 706 152
2514 651 2670 708 εΚαὶ
2699 652 2977 723 Οὐρανίης
3026 654 3190 708 πέδον
3231 655 3415 727 ἕδρης,
3461 658 3713 731 ιιίθηρίου

2127 733 2391 796 κενεῶνος
2439 734 2747 806 ἐπώνυμον.
2806 735 2911 792 Ubi
2963 752 3088 792 cum
3138 739 3422 795 aetherium
3465 751 3713 801 ventrem

2126 825 2366 882 vertunt,
2399 832 2505 871 non
2540 819 2676 873 bene
2719 818 2787 874 ad
2816 818 2993 876 Nonni
3032 822 3475 880 consuetudinem
3523 827 3712 883 dictio-

2124 911 2357 967 nemque
2420 902 2659 954 animum
2734 903 3043 959 advenisse
3109 905 3378 961 videntur.
3450 908 3710 981 Αίθήριον

2123 981 2360 1035 κενεῶνα
2404 983 2582 1052 ipsum
2628 985 2867 1053 appellat
2907 986 3126 1052 celum,
3175 998 3232 1041 ut
3281 1005 3359 1053 tx,
3392 989 3463 1045 82
3496 991 3708 1061 χθόνιον

2122 1065 2360 1119 κενεῶνα
2408 1077 2632 1130 terram,
2664 1077 2721 1122 et
2766 1069 2827 1123 41
2880 1070 2916 1124 5
2970 1069 3101 1141 ὅλης
3150 1072 3420 1138 κενεῶνας
3465 1076 3709 1148 ἀρούρης

2122 1163 2305 1217 agros,
2339 1165 2692 1220 quamquam,
2726 1163 2785 1206 ut
2810 1168 2937 1208 vere
2965 1155 3162 1219 dicam,
3186 1157 3317 1210 satis
3349 1157 3666 1215 insolenter.

2193 1232 2325 1315 Ibid.
2374 1235 2820 1302 Τριμιθούντων.
2855 1236 2956 1292 Ch.
2977 1237 3268 1310 Cellarius
3297 1239 3366 1297 (ἰ.
3401 1242 3465 1295 Α.
3500 1242 3539 1296 3
3574 1245 3615 1297 Ἰ
3648 1259 3697 1315 p.

2117 1312 2233 1401 ξτες-
2268 1314 2663 1401 τριμιοοῡντογ
2705 1319 2810 1389 legi
2855 1333 3016 1390 posse
3059 1319 3381 1384 arbitratur,
3432 1326 3597 1381 sicuti
3636 1312 3697 1383 ex

2121 1395 2334 1468 Hydrus
2364 1401 2423 1454 lit
2456 1395 2652 1457 Latine
2678 1400 3044 1473 Hydruntum,
3068 1418 3136 1459 ex
3167 1403 3331 1473 Sipus
3371 1405 3691 1475 Sipontum;

2117 1481 2228 1547 cui,
2256 1483 2300 1536 si
2333 1498 2561 1553 usquam
2591 1483 3028 1540 Trimithuntum
3058 1485 3351 1555 legeretur,
3393 1490 3539 1545 haud
3570 1492 3697 1547 ditii-

2119 1564 2289 1619 culter
2343 1566 2691 1636 astipularer.
2725 1566 2991 1624 Videntur
3011 1569 3216 1624 librarii
3243 1571 3699 1642 δΤριμιθούντων

2116 1646 2352 1714 dedisse,
2386 1660 2445 1703 ut
2484 1649 2601 1717 ejus
2642 1652 2950 1721 episcopus,
2988 1651 3145 1707 sicuti
3197 1654 3250 1708 in
3304 1655 3426 1710 aliis
3481 1655 3698 1711 Notitiis

2117 1732 2343 1795 assolet,
2391 1733 2805 1805 intelligeretur,
2855 1737 2998 1791 male
3033 1740 3546 1810 tamen,'siquidem
3590 1744 3693 1797 haec

2114 1812 2187 1868 ab
2213 1814 2585 1873 ecclesiastica
2622 1818 2808 1873 distat.

2190 1897 2325 1953 Ibid.
2374 1901 2737 1955 Δευκουσία.
2804 1901 3046 1959 Diversis
3091 1903 3209 1958 haec
3242 1906 3548 1962 nominibus
3596 1907 3695 1962 fuit

2114 1994 2232 2033 usa.
2284 1978 2652 2052 Hieronymus
2726 1983 2905 2038 Latal.
2988 1987 3171 2056 script.
3213 1973 3426 2042 Ἒεειεε.
3472 2005 3524 2044 c.
3577 1990 3689 2044 92:

2117 2060 2458 2133 Triphyllius,
2497 2061 2659 2135 Cypri
2697 2064 2974 2122 Lea‘rcmis
3008 2070 3116 2124 sive
3148 2070 3450 2132 Λευτεῶνος
3487 2075 3689 2140 episco-

2112 2159 2233 2215 pus,
2284 2147 2749 2218 eloquentissimus
2800 2166 2915 2205 sure
2953 2154 3127 2207 celatis
3172 2163 3225 2207 et
3258 2154 3352 2207 sub
3390 2170 3509 2224 rege
3557 2155 3692 2211 Cort-

2070 2224 2312 2283 ἐιαιιιίο
2363 2231 2728 2287 celeberrimus
2776 2233 2902 2302 fuit.
2952 2235 3259 2292 Sozometto
3313 2236 3377 2292 II.
3440 2239 3504 2293 Β.
3553 2240 3578 2292 1
3632 2242 3697 2297 10

2111 2310 2445 2384 Triphyllius
2489 2314 2600 2368 τῶν
2632 2315 2851 2385 Λεδρῶν
2891 2317 3127 2385 dicitur;
3173 2334 3335 2389 quem
3364 2320 3497 2376 hinc
3530 2321 3691 2377 fuisse

2109 2407 2177 2449 ex
2206 2395 2359 2451 Actis
2380 2397 2499 2467 ejus
2528 2412 2579 2451 c.
2615 2398 2639 2452 1
2668 2399 2885 2469 colligo,
2921 2400 3009 2455 ubi
3041 2401 3369 2473 Τριφύλλιος
3397 2404 3687 2469 ἐπίσκοπος

2109 2476 2444 2544 Λευκωσίας,
2474 2479 2578 2550 τῆς
2603 2480 2698 2536 νῦν
2728 2481 3117 2553 μητροπόλεως
3156 2484 3409 2557 Κύπρου,
3440 2497 3494 2541 et
3533 2502 3581 2542 c.
3614 2489 3645 2542 5
3670 2506 3682 2542 :

2109 2559 2292 2632 Ψήφῳ
2339 2561 2461 2633 θείᾳ
2501 2561 2604 2633 τῆς
2650 2563 3097 2637 Καλλινικήσεων
3146 2567 3248 2638 μὲν
3294 2569 3447 2639 πρὶν,
3493 2570 3585 2624 νῦν
3632 2570 3684 2623 δὲ

2108 2641 2424 2707 Λευκωσίας
2440 2646 2866 2717 προχειρίζεται.
2878 2645 2995 2703 Νοη
3017 2649 3247 2704 dilliteor
3261 2648 3683 2722 Papebrochium

2110 2732 2242 2780 tom.
2267 2726 2304 2779 2
2322 2725 2433 2784 .lul.
2463 2743 2518 2798 p.
2542 2728 2648 2783 682
2674 2731 2811 2786 duos
2843 2731 3001 2787 nobis
3046 2731 3359 2805 'I‘riphylios
3384 2751 3506 2792 esse
3543 2752 3687 2792 corn-

2106 2817 2374 2876 mentum,
2420 2820 2652 2878 quorum
2694 2811 2833 2869 alter
2854 2812 3183 2881 Ledrorum,
3237 2817 3376 2873 alter
3417 2816 3687 2875 Leucosiae

2108 2888 2271 2945 fuerit
2299 2892 2527 2961 praesul;
2556 2894 2647 2962 qui
2676 2895 2726 2951 si
2759 2896 2825 2951 ad
2852 2909 2917 2951 ea
2950 2898 3269 2954 attendisset
3297 2915 3417 2971 quae
3448 2904 3686 2957 ex'Actis

2109 2973 2168 3028 S.
2202 2972 2524 3045 Spyridonis
2563 2975 2892 3034 Lambecius
2944 2978 3085 3036 Bibl.
3133 2980 3339 3037 Caesar.
3390 2984 3424 3038 8
3476 2999 3532 3052 p.
3587 2985 3681 3040 511

2107 3057 2399 3126 excerpsit,
2428 3072 2550 3112 eam
2581 3059 2725 3114 haud
2751 3061 2917 3116 dubie
2945 3062 3322 3133 conjecturam
3346 3066 3684 3121 damnasset:

2107 3137 2241 3192 inibi
2270 3140 2414 3194 enim
2437 3140 2764 3212 Τριφύλλιος
2800 3144 3103 3210 ἐπίσκοπος
3122 3144 3226 3217 τῆς
3252 3148 3688 3219 Καλλινικήσεων

2106 3220 2315 3286 πόλεως
2358 3223 2478 3294 ἦτοι
2506 3226 2732 3281 Λευκῶν
2767 3226 2907 3283 θεῶν
2933 3228 3097 3298 ἁγίας
3137 3229 3234 3283 τοῦ
3268 3231 3403 3285 Θεοῦ
3460 3233 3683 3303 Ἐκκληο

2106 3305 2250 3372 σίας,
2284 3321 2404 3377 qua:
2445 3309 2735 3378 perspicue
2763 3311 2963 3367 docent
3003 3312 3057 3368 in
3103 3311 3462 3386 Triphyllium
3490 3315 3682 3386 Spyri-

2103 3390 2266 3446 donis
2286 3391 2548 3460 aequalem
2587 3405 2651 3448 ea
2679 3395 2864 3449 omnia
2892 3397 3205 3460 convenire,
3234 3407 3399 3467 atque
3434 3401 3685 3455 eamdem

2105 3488 2330 3543 prorsus
2357 3488 2483 3530 esse
2511 3474 2812 3551 Ledrorutn
2839 3478 3280 3536 Callinicensium
3315 3490 3371 3535 et
3397 3480 3682 3535 Leucosiae

2105 3558 2318 3623 urbem,
2352 3557 2463 3612 imo
2491 3572 2621 3614 vero
2656 3559 2708 3614 in
2755 3558 3072 3634 Hieronymi
3108 3563 3349 3635 catalogo
3388 3578 3492 3619 non
3542 3566 3681 3619 Asu-

2101 3638 2302 3704 τεῶνος
2330 3641 2425 3696 sed
2452 3641 2678 3697 Λευκῶν
2709 3643 2849 3698 θεῶν
2879 3657 3091 3703 rectum
3117 3662 3261 3704 esse.

2173 3719 2310 3778 Ibid.
2351 3722 2502 3778 Ὑπὸ
2547 3724 2834 3796 ἡγεμόνα.
2888 3726 3183 3786 Praesident
3216 3729 3550 3787 Diocletiano
3579 3731 3682 3786 im-

2100 3814 2353 3874 peratore
2402 3805 2665 3863 Isauriam
2709 3809 2969 3866 habuisse
3022 3810 3347 3868 Theodorus
3391 3813 3684 3870 Ieonicusis

2101 3889 2154 3943 in
2183 3889 2434 3960 epistola,
2465 3905 2589 3958 quae
2615 3902 2749 3946 tom.
2779 3893 2815 3948 5
2835 3892 2946 3950 Jul.
2973 3895 3043 3951 ab
3075 3895 3579 3966 Antwerpiensibus
3601 3906 3683 3951 est

2099 3970 2317 4042 vulgata
2363 3987 2417 4042 p.
2448 3972 2543 4038 26,
2584 3976 2847 4031 ostendit.
2881 3975 3093 4030 Nomia
3142 3979 3273 4047 imp.
3309 3977 3517 4033 Orient.
3559 3994 3679 4033 eum

2098 4071 2205 4111 non
2233 4055 2417 4121 habet,
2443 4057 2540 4113 sed
2564 4062 2821 4116 comitem
2851 4063 2932 4116 rei
2964 4061 3220 4118 militaris
3258 4062 3505 4127 Isauriae,
3530 4062 3678 4131 cujus

2096 4140 2259 4194 etiam
2302 4138 2624 4197 Ammianus
2655 4157 2770 4212 xrv,
2812 4143 2850 4197 2
2895 4150 2951 4199 et
2997 4159 3126 4212 xix,
3174 4145 3243 4200 15
3290 4145 3674 4200 commeminit.

2097 4220 2234 4279 Puto
2266 4232 2320 4278 et
2347 4224 2633 4293 praesidem
2658 4235 2714 4281 et
2735 4228 2991 4283 comitem
3030 4228 3310 4296 habuisse,
3335 4243 3563 4299 quorum
3590 4228 3679 4282 hic

2098 4300 2174 4359 rei
2207 4305 2460 4361 militaris
2504 4324 2690 4363 curam
2719 4321 2934 4380 gereret
2963 4320 3019 4367 et
3052 4310 3365 4368 Isaurorum
3396 4310 3679 4366 latrocinia

2096 4398 2488 4457 compesceret,
2522 4390 2611 4446 ille
2645 4406 2778 4446 vero
2819 4407 2932 4448 rem
2978 4394 3194 4450 civilem
3239 4405 3486 4450 curaret.
3513 4391 3682 4448 Justi~

2095 4470 2299 4528 nianus'
2316 4475 2439 4528 dein
2471 4472 2693 4530 Novella
2722 4477 2795 4532 28
2819 4487 3110 4549 utramque
3142 4479 3680 4536 administrationem

2093 4556 2382 4626 conjunxit
2407 4569 2462 4612 et
2487 4560 2576 4612 uni
2611 4563 2798 4616 comiti
2830 4562 3128 4619 mandavit.

2166 4641 2300 4696 Ibid.
2346 4642 2689 4701 Σελεύκεια.
2738 4644 3038 4702 Provinciae
3077 4646 3398 4716 metropolin
3434 4644 3683 4699 Theodo-

2096 4733 2244 4779 retus
2275 4724 2350 4779 Η.
2381 4724 2448 4779 Ε.
2484 4742 2544 4790 tt,
2576 4728 2649 4782 26
2680 4728 2831 4793 facit,
2868 4739 2920 4785 et
2970 4731 3204 4785 maxime
3226 4730 3459 4785 Basilius
3488 4729 3683 4783 Seleu-

2094 4806 2293 4863 ciensis
2324 4820 2571 4863 extremo
2620 4812 2654 4865 l.
2700 4812 2723 4864 1
2765 4812 2832 4867 de
2877 4811 2999 4866 Vita
3040 4811 3101 4868 S.
3140 4812 3346 4866 Theclte
3372 4828 3392 4865 :
3420 4813 3580 4876 Πόλις
3615 4810 3683 4862 δέ

2093 4892 2242 4944 ἐστιν
2257 4891 2394 4963 αὕτη
2420 4893 2528 4962 τῶν
2550 4894 2649 4963 τῆς
2675 4893 2849 4965 Ἐᾠις
2868 4896 3034 4966 ὁρίων
3052 4898 3112 4949 ἐν
3135 4896 3405 4968 προοιμίῳ
3423 4894 3680 4963 κειμένη.

2095 4972 2496 5045 προεδρεύουσα
2539 4976 2596 5028 δὲ
2640 4978 2733 5030 καὶ
2782 4978 3235 5049 προκαθεζομὲνη
3279 4980 3462 5048 πάσης
3500 4978 3681 5030 Ἰσαυ-

2094 5055 2240 5126 ρίδος
2283 5056 2512 5125 πόλεως,
2545 5060 2838 5131 πρὸσοικος
2880 5061 3140 5133 θαλάττῃ,
3173 5061 3422 5130 ποταμοῦ
3460 5061 3680 5129 γείτων.

2092 5139 2366 5204 Κάλυδνος
2409 5141 2580 5213 ὄνομα
2614 5143 2690 5215 τῷ
2730 5144 2984 5216 ποταμῷ,
3020 5147 3303 5218 ἐρχομένῳ
3334 5146 3434 5216 μὲν
3472 5142 3684 5199 ἄνωθεν

2090 5222 2199 5276 ἀπὸ
2227 5222 2336 5278 τῶν
2378 5225 2479 5296 τῆς
2514 5227 2750 5297 Κήτιδος
2781 5227 3131 5299 μυχαιτάτων
3164 5229 3388 5302 χωρίων
3444 5226 3578 5293 Qua:
3618 5236 3684 5279 et

2092 5309 2418 5378 metropolin
2452 5309 2621 5367 fuisse
2650 5322 2704 5367 et
2721 5314 3054 5367 maritimam
3079 5327 3143 5368 ac
3160 5309 3683 5384 Calycaduomuem

2092 5391 2393 5462 Calydnum
2444 5394 2698 5463 appellat,
2745 5397 2797 5450 id
2844 5398 2988 5466 quod
3038 5397 3351 5467 Stephanus
3406 5395 3462 5450 in
3517 5392 3683 5463 Ὑρία

2092 5476 2278 5547 prodit
2315 5477 2559 5544 ﬁrmans,
2594 5479 2853 5535 vicinam.
2878 5482 3040 5535 Addit
3060 5482 3183 5536 dein
3214 5489 3366 5535 tanto
3388 5479 3684 5552 splendore

2092 5569 2256 5630 atque
2288 5562 2607 5618 amteuitate
2646 5578 2768 5619 esse
2807 5574 2868 5618 ut
2909 5565 3112 5621 multas
3148 5574 3442 5635 exsuperet
3474 5573 3527 5618 et
3557 5561 3684 5630 qui-

2090 5642 2318 5699 busdam
2345 5655 2681 5713 exmquetur,
2710 5661 2831 5702 cum
2857 5647 3027 5703 Tarso
3052 5661 3252 5712 autem,
3277 5645 3681 5717 elegantissima

2096 5725 2274 5790 urbe,
2324 5729 2632 5796 montibus,
2686 5732 2832 5798 situ,
2884 5734 3026 5788 aeris
3078 5732 3357 5802 temperie,
3404 5729 3685 5784 fructuum
