  <div class='ocr_page' id='page_1' title='image "/cluster/home/n/w/nwhite01/storage/ocr_20150623/113/hvd.32044073502270/586.png"; bbox 0 0 3980 6210; ppageno 0'>
   <div class='ocr_carea' id='block_1_1' title="bbox 369 310 639 382">
    <p class='ocr_par' dir='ltr' id='par_1_1' title="bbox 369 310 639 382">
     <span class='ocr_line' id='line_1_1' title="bbox 369 310 639 382; baseline 0.011 -1"><span class='ocrx_word' id='word_1_1' title='bbox 369 317 505 382; x_wconf 80' lang='grc'>1165</span> <span class='ocrx_word' id='word_1_2' title='bbox 620 310 639 325; x_wconf 81' lang='grc'><em>’</em></span> 
     </span>
    </p>
   </div>
   <div class='ocr_carea' id='block_1_2' title="bbox 353 425 1923 501">
    <p class='ocr_par' dir='ltr' id='par_1_2' title="bbox 353 425 1923 501">
     <span class='ocr_line' id='line_1_2' title="bbox 353 425 1923 501; baseline -0.005 -14"><span class='ocrx_word' id='word_1_3' title='bbox 353 431 509 501; x_wconf 85' lang='lat' dir='ltr'><strong>copia</strong></span> <span class='ocrx_word' id='word_1_4' title='bbox 566 439 620 486; x_wconf 92' lang='lat' dir='ltr'><strong>et</strong></span> <span class='ocrx_word' id='word_1_5' title='bbox 669 444 848 485; x_wconf 87' lang='lat' dir='ltr'><strong>rerum</strong></span> <span class='ocrx_word' id='word_1_6' title='bbox 895 428 1164 484; x_wconf 80' lang='lat' dir='ltr'><strong>venalium</strong></span> <span class='ocrx_word' id='word_1_7' title='bbox 1210 429 1543 483; x_wconf 71' lang='lat' dir='ltr'><strong>abundantia</strong></span> <span class='ocrx_word' id='word_1_8' title='bbox 1579 428 1813 497; x_wconf 78' lang='lat' dir='ltr'><strong>aliisque</strong></span> <span class='ocrx_word' id='word_1_9' title='bbox 1855 425 1923 479; x_wconf 86' lang='lat' dir='ltr'><strong>ad</strong></span> 
     </span>
    </p>
   </div>
   <div class='ocr_carea' id='block_1_3' title="bbox 354 511 1922 585">
    <p class='ocr_par' dir='ltr' id='par_1_3' title="bbox 354 511 1922 585">
     <span class='ocr_line' id='line_1_3' title="bbox 354 511 1922 585; baseline -0.006 -15"><span class='ocrx_word' id='word_1_10' title='bbox 354 515 678 585; x_wconf 86' lang='lat' dir='ltr'><strong>elegantiam</strong></span> <span class='ocrx_word' id='word_1_11' title='bbox 732 523 785 567; x_wconf 91' lang='lat' dir='ltr'><strong>et</strong></span> <span class='ocrx_word' id='word_1_12' title='bbox 837 512 1126 567; x_wconf 90' lang='lat' dir='ltr'><strong>utilitatem</strong></span> <span class='ocrx_word' id='word_1_13' title='bbox 1172 511 1337 564; x_wconf 83' lang='lat' dir='ltr'><strong>rebus</strong></span> <span class='ocrx_word' id='word_1_14' title='bbox 1385 513 1452 564; x_wconf 91' lang='lat' dir='ltr'><strong>de</strong></span> <span class='ocrx_word' id='word_1_15' title='bbox 1490 511 1667 580; x_wconf 86' lang='lat' dir='ltr'><strong>palma</strong></span> <span class='ocrx_word' id='word_1_16' title='bbox 1715 516 1922 572; x_wconf 80' lang='lat' dir='ltr'><strong>certet;</strong></span> 
     </span>
    </p>
   </div>
   <div class='ocr_carea' id='block_1_4' title="bbox 352 591 1926 663">
    <p class='ocr_par' dir='ltr' id='par_1_4' title="bbox 352 591 1926 663">
     <span class='ocr_line' id='line_1_4' title="bbox 352 591 1926 663; baseline -0.006 -12"><span class='ocrx_word' id='word_1_17' title='bbox 352 595 618 651; x_wconf 86' lang='lat' dir='ltr'><strong>celebrari</strong></span> <span class='ocrx_word' id='word_1_18' title='bbox 663 596 713 649; x_wconf 92' lang='lat' dir='ltr'><strong>in</strong></span> <span class='ocrx_word' id='word_1_19' title='bbox 756 596 889 650; x_wconf 86' lang='lat' dir='ltr'><strong>urbe</strong></span> <span class='ocrx_word' id='word_1_20' title='bbox 917 594 1208 663; x_wconf 81' lang='lat' dir='ltr'><strong>quotannis</strong></span> <span class='ocrx_word' id='word_1_21' title='bbox 1244 591 1394 646; x_wconf 86' lang='lat' dir='ltr'><strong>varia</strong></span> <span class='ocrx_word' id='word_1_22' title='bbox 1428 591 1675 646; x_wconf 90' lang='lat' dir='ltr'><strong>ludorum</strong></span> <span class='ocrx_word' id='word_1_23' title='bbox 1706 604 1926 661; x_wconf 86' lang='lat' dir='ltr'><strong>genera,</strong></span> 
     </span>
    </p>
   </div>
   <div class='ocr_carea' id='block_1_5' title="bbox 356 672 1928 748">
    <p class='ocr_par' dir='ltr' id='par_1_5' title="bbox 356 672 1928 748">
     <span class='ocr_line' id='line_1_5' title="bbox 356 672 1928 748; baseline -0.004 -16"><span class='ocrx_word' id='word_1_24' title='bbox 356 692 476 746; x_wconf 83' lang='lat' dir='ltr'><strong>quae</strong></span> <span class='ocrx_word' id='word_1_25' title='bbox 527 675 771 748; x_wconf 86' lang='lat' dir='ltr'><strong>Olympia</strong></span> <span class='ocrx_word' id='word_1_26' title='bbox 813 676 1105 744; x_wconf 83' lang='lat' dir='ltr'><strong>appellent,</strong></span> <span class='ocrx_word' id='word_1_27' title='bbox 1148 683 1204 729; x_wconf 92' lang='lat' dir='ltr'><strong>et</strong></span> <span class='ocrx_word' id='word_1_28' title='bbox 1245 676 1294 727; x_wconf 91' lang='lat' dir='ltr'><strong>in</strong></span> <span class='ocrx_word' id='word_1_29' title='bbox 1346 687 1468 741; x_wconf 76' lang='lat' dir='ltr'><strong>qua:</strong></span> <span class='ocrx_word' id='word_1_30' title='bbox 1506 687 1612 725; x_wconf 90' lang='lat' dir='ltr'><strong>non</strong></span> <span class='ocrx_word' id='word_1_31' title='bbox 1658 672 1928 734; x_wconf 84' lang='lat' dir='ltr'><strong>immerito</strong></span> 
     </span>
    </p>
   </div>
   <div class='ocr_carea' id='block_1_6' title="bbox 351 752 1930 828">
    <p class='ocr_par' dir='ltr' id='par_1_6' title="bbox 351 752 1930 828">
     <span class='ocr_line' id='line_1_6' title="bbox 351 752 1930 828; baseline -0.004 -15"><span class='ocrx_word' id='word_1_32' title='bbox 351 757 508 813; x_wconf 87' lang='lat' dir='ltr'><strong>Orat.</strong></span> <span class='ocrx_word' id='word_1_33' title='bbox 549 759 640 821; x_wconf 95' lang='lat'><strong>27,</strong></span> <span class='ocrx_word' id='word_1_34' title='bbox 686 774 742 828; x_wconf 90' lang='lat' dir='ltr'><strong>p.</strong></span> <span class='ocrx_word' id='word_1_35' title='bbox 790 759 890 813; x_wconf 76' lang='lat' dir='ltr'><strong>M8</strong></span> <span class='ocrx_word' id='word_1_36' title='bbox 924 757 1219 811; x_wconf 88' lang='lat' dir='ltr'><strong>invehitur.</strong></span> <span class='ocrx_word' id='word_1_37' title='bbox 1276 755 1525 810; x_wconf 86' lang='lat' dir='ltr'><strong>Zosimus</strong></span> <span class='ocrx_word' id='word_1_38' title='bbox 1567 752 1592 804; x_wconf 91' lang='grc'><strong>1</strong></span> <span class='ocrx_word' id='word_1_39' title='bbox 1640 754 1706 805; x_wconf 81' lang='lat'><strong>27</strong></span> <span class='ocrx_word' id='word_1_40' title='bbox 1744 753 1930 807; x_wconf 81' lang='grc' dir='ltr'>Σελεύ-</span> 
     </span>
    </p>
   </div>
   <div class='ocr_carea' id='block_1_7' title="bbox 356 833 1929 913">
    <p class='ocr_par' dir='ltr' id='par_1_7' title="bbox 356 833 1929 913">
     <span class='ocr_line' id='line_1_7' title="bbox 356 833 1929 913; baseline -0.003 -18"><span class='ocrx_word' id='word_1_41' title='bbox 356 858 509 895; x_wconf 85' lang='grc' dir='ltr'>κειαν</span> <span class='ocrx_word' id='word_1_42' title='bbox 534 840 633 910; x_wconf 81' lang='grc' dir='ltr'>τὴν</span> <span class='ocrx_word' id='word_1_43' title='bbox 667 840 806 910; x_wconf 82' lang='grc' dir='ltr'><strong>μετά</strong></span> <span class='ocrx_word' id='word_1_44' title='bbox 835 840 1091 894; x_wconf 77' lang='grc' dir='ltr'><strong>Κιλικίαν</strong></span> <span class='ocrx_word' id='word_1_45' title='bbox 1120 848 1318 902; x_wconf 80' lang='lat' dir='ltr'><strong>\&#39;oeat.,</strong></span> <span class='ocrx_word' id='word_1_46' title='bbox 1354 846 1406 891; x_wconf 87' lang='lat' dir='ltr'><strong>et</strong></span> <span class='ocrx_word' id='word_1_47' title='bbox 1436 834 1700 903; x_wconf 84' lang='lat' dir='ltr'><strong>Apollinis</strong></span> <span class='ocrx_word' id='word_1_48' title='bbox 1736 833 1929 913; x_wconf 74' lang='lat' dir='ltr'><strong>Sarpe-</strong></span> 
     </span>
    </p>
   </div>
   <div class='ocr_carea' id='block_1_8' title="bbox 349 917 1931 992">
    <p class='ocr_par' dir='ltr' id='par_1_8' title="bbox 349 917 1931 992">
     <span class='ocr_line' id='line_1_8' title="bbox 349 917 1931 992; baseline -0.006 -12"><span class='ocrx_word' id='word_1_49' title='bbox 349 924 525 990; x_wconf 84' lang='lat' dir='ltr'><strong>donii,</strong></span> <span class='ocrx_word' id='word_1_50' title='bbox 554 927 604 977; x_wconf 90' lang='lat' dir='ltr'><strong>In</strong></span> <span class='ocrx_word' id='word_1_51' title='bbox 636 938 743 992; x_wconf 91' lang='lat' dir='ltr'><strong>quo</strong></span> <span class='ocrx_word' id='word_1_52' title='bbox 779 924 997 978; x_wconf 89' lang='lat' dir='ltr'><strong>oracula</strong></span> <span class='ocrx_word' id='word_1_53' title='bbox 1032 922 1405 983; x_wconf 87' lang='lat' dir='ltr'><strong>redderentur.</strong></span> <span class='ocrx_word' id='word_1_54' title='bbox 1436 918 1637 987; x_wconf 86' lang='lat' dir='ltr'><strong>templo</strong></span> <span class='ocrx_word' id='word_1_55' title='bbox 1667 917 1931 987; x_wconf 79' lang='lat' dir='ltr'><strong>insignem</strong></span> 
     </span>
    </p>
   </div>
   <div class='ocr_carea' id='block_1_9' title="bbox 356 998 1934 1074">
    <p class='ocr_par' dir='ltr' id='par_1_9' title="bbox 356 998 1934 1074">
     <span class='ocr_line' id='line_1_9' title="bbox 356 998 1934 1074; baseline -0.006 -14"><span class='ocrx_word' id='word_1_56' title='bbox 356 1007 545 1069; x_wconf 81' lang='lat' dir='ltr'><strong>fuisse,</strong></span> <span class='ocrx_word' id='word_1_57' title='bbox 583 1006 736 1074; x_wconf 74' lang='lat' dir='ltr'><strong>cujus</strong></span> <span class='ocrx_word' id='word_1_58' title='bbox 763 1015 818 1059; x_wconf 90' lang='lat' dir='ltr'><strong>et</strong></span> <span class='ocrx_word' id='word_1_59' title='bbox 861 1003 1094 1059; x_wconf 80' lang='lat' dir='ltr'><strong>Basilius</strong></span> <span class='ocrx_word' id='word_1_60' title='bbox 1133 1001 1266 1056; x_wconf 72' lang='lat' dir='ltr'><strong>Viue</strong></span> <span class='ocrx_word' id='word_1_61' title='bbox 1298 1001 1520 1064; x_wconf 68' lang='lat' dir='ltr'><strong>Thecla,</strong></span> <span class='ocrx_word' id='word_1_62' title='bbox 1560 1016 1601 1064; x_wconf 90' lang='grc' dir='ltr'>ι,</span> <span class='ocrx_word' id='word_1_63' title='bbox 1642 1014 1697 1069; x_wconf 90' lang='lat' dir='ltr'><strong>p.</strong></span> <span class='ocrx_word' id='word_1_64' title='bbox 1730 998 1838 1052; x_wconf 80' lang='lat'><strong>275</strong></span> <span class='ocrx_word' id='word_1_65' title='bbox 1878 1008 1934 1052; x_wconf 93' lang='lat' dir='ltr'><strong>et</strong></span> 
     </span>
    </p>
   </div>
   <div class='ocr_carea' id='block_1_10' title="bbox 356 1079 1936 1151">
    <p class='ocr_par' dir='ltr' id='par_1_10' title="bbox 356 1079 1936 1151">
     <span class='ocr_line' id='line_1_10' title="bbox 356 1079 1936 1151; baseline -0.006 -8"><span class='ocrx_word' id='word_1_66' title='bbox 356 1088 425 1143; x_wconf 89' lang='lat' dir='ltr'><strong>de</strong></span> <span class='ocrx_word' id='word_1_67' title='bbox 458 1086 650 1142; x_wconf 78' lang='lat' dir='ltr'><strong>Mirac.</strong></span> <span class='ocrx_word' id='word_1_68' title='bbox 691 1087 868 1142; x_wconf 66' lang='grc' dir='ltr'><strong>Πιθεῖ.</strong></span> <span class='ocrx_word' id='word_1_69' title='bbox 895 1103 959 1151; x_wconf 92' lang='grc' dir='ltr'>ιι,</span> <span class='ocrx_word' id='word_1_70' title='bbox 988 1086 1025 1139; x_wconf 90' lang='lat'><strong>2</strong></span> <span class='ocrx_word' id='word_1_71' title='bbox 1059 1094 1113 1140; x_wconf 89' lang='lat' dir='ltr'><strong>et</strong></span> <span class='ocrx_word' id='word_1_72' title='bbox 1140 1084 1210 1139; x_wconf 86' lang='lat'><strong>26</strong></span> <span class='ocrx_word' id='word_1_73' title='bbox 1255 1083 1584 1139; x_wconf 88' lang='lat' dir='ltr'><strong>mentionem</strong></span> <span class='ocrx_word' id='word_1_74' title='bbox 1627 1081 1777 1137; x_wconf 81' lang='lat' dir='ltr'><strong>fecit.</strong></span> <span class='ocrx_word' id='word_1_75' title='bbox 1806 1079 1936 1135; x_wconf 83' lang='lat' dir='ltr'><strong>Per—</strong></span> 
     </span>
    </p>
   </div>
   <div class='ocr_carea' id='block_1_11' title="bbox 362 1162 1936 1239">
    <p class='ocr_par' dir='ltr' id='par_1_11' title="bbox 362 1162 1936 1239">
     <span class='ocr_line' id='line_1_11' title="bbox 362 1162 1936 1239; baseline -0.004 -15"><span class='ocrx_word' id='word_1_76' title='bbox 362 1184 545 1239; x_wconf 86' lang='lat' dir='ltr'><strong>peram</strong></span> <span class='ocrx_word' id='word_1_77' title='bbox 604 1169 897 1223; x_wconf 79' lang='grc' dir='ltr'><strong>Σελεύκεια</strong></span> <span class='ocrx_word' id='word_1_78' title='bbox 963 1171 998 1237; x_wconf 84' lang='grc' dir='ltr'><strong>ή</strong></span> <span class='ocrx_word' id='word_1_79' title='bbox 1052 1168 1111 1220; x_wconf 80' lang='grc' dir='ltr'>ὲν</span> <span class='ocrx_word' id='word_1_80' title='bbox 1163 1164 1475 1235; x_wconf 78' lang='grc' dir='ltr'>Καισαρείᾳ</span> <span class='ocrx_word' id='word_1_81' title='bbox 1534 1165 1588 1220; x_wconf 90' lang='lat' dir='ltr'><strong>in</strong></span> <span class='ocrx_word' id='word_1_82' title='bbox 1648 1162 1936 1234; x_wconf 84' lang='lat' dir='ltr'><strong>Symeonis</strong></span> 
     </span>
    </p>
   </div>
   <div class='ocr_carea' id='block_1_12' title="bbox 358 1245 1947 1323">
    <p class='ocr_par' dir='ltr' id='par_1_12' title="bbox 358 1245 1947 1323">
     <span class='ocr_line' id='line_1_12' title="bbox 358 1245 1947 1323; baseline -0.005 -14"><span class='ocrx_word' id='word_1_83' title='bbox 358 1253 572 1323; x_wconf 69' lang='lat' dir='ltr'><strong>Stytilte</strong></span> <span class='ocrx_word' id='word_1_84' title='bbox 597 1255 746 1306; x_wconf 79' lang='lat' dir='ltr'><strong>Actis</strong></span> <span class='ocrx_word' id='word_1_85' title='bbox 793 1267 842 1306; x_wconf 83' lang='lat' dir='ltr'><strong>c.</strong></span> <span class='ocrx_word' id='word_1_86' title='bbox 870 1252 961 1315; x_wconf 85' lang='lat'><strong>25,</strong></span> <span class='ocrx_word' id='word_1_87' title='bbox 1008 1262 1139 1313; x_wconf 89' lang='lat' dir='ltr'><strong>tom.</strong></span> <span class='ocrx_word' id='word_1_88' title='bbox 1191 1249 1226 1304; x_wconf 83' lang='lat'><strong>5</strong></span> <span class='ocrx_word' id='word_1_89' title='bbox 1274 1247 1399 1301; x_wconf 80' lang='lat' dir='ltr'><strong>Maii</strong></span> <span class='ocrx_word' id='word_1_90' title='bbox 1449 1263 1501 1317; x_wconf 87' lang='lat' dir='ltr'><strong>p.</strong></span> <span class='ocrx_word' id='word_1_91' title='bbox 1549 1246 1675 1301; x_wconf 71' lang='lat'><strong>584.</strong></span> <span class='ocrx_word' id='word_1_92' title='bbox 1714 1245 1947 1302; x_wconf 33' lang='lat' dir='ltr'><strong>Rectius.</strong></span> 
     </span>
    </p>
   </div>
   <div class='ocr_carea' id='block_1_13' title="bbox 358 1326 1931 1403">
    <p class='ocr_par' dir='ltr' id='par_1_13' title="bbox 358 1326 1931 1403">
     <span class='ocr_line' id='line_1_13' title="bbox 358 1326 1931 1403; baseline -0.008 -12"><span class='ocrx_word' id='word_1_93' title='bbox 358 1335 608 1391; x_wconf 82' lang='lat' dir='ltr'><strong>Seleucia</strong></span> <span class='ocrx_word' id='word_1_94' title='bbox 642 1334 887 1403; x_wconf 82' lang='grc' dir='ltr'>Τραχεῖα</span> <span class='ocrx_word' id='word_1_95' title='bbox 918 1332 1061 1395; x_wconf 85' lang='lat' dir='ltr'><strong>aliis,</strong></span> <span class='ocrx_word' id='word_1_96' title='bbox 1112 1330 1254 1401; x_wconf 88' lang='lat' dir='ltr'><strong>quod</strong></span> <span class='ocrx_word' id='word_1_97' title='bbox 1309 1330 1361 1383; x_wconf 90' lang='lat' dir='ltr'><strong>in</strong></span> <span class='ocrx_word' id='word_1_98' title='bbox 1415 1327 1624 1383; x_wconf 87' lang='lat' dir='ltr'><strong>Isauria</strong></span> <span class='ocrx_word' id='word_1_99' title='bbox 1669 1326 1931 1397; x_wconf 75' lang='grc' dir='ltr'>Τραχεῑᾳ,</span> 
     </span>
    </p>
   </div>
   <div class='ocr_carea' id='block_1_14' title="bbox 361 1410 1791 1489">
    <p class='ocr_par' dir='ltr' id='par_1_14' title="bbox 361 1410 1791 1489">
     <span class='ocr_line' id='line_1_14' title="bbox 361 1410 1791 1489; baseline -0.009 -14"><span class='ocrx_word' id='word_1_100' title='bbox 361 1423 428 1475; x_wconf 88' lang='lat' dir='ltr'><strong>de</strong></span> <span class='ocrx_word' id='word_1_101' title='bbox 460 1434 566 1489; x_wconf 90' lang='lat' dir='ltr'><strong>qua</strong></span> <span class='ocrx_word' id='word_1_102' title='bbox 605 1418 881 1472; x_wconf 84' lang='lat' dir='ltr'><strong>Candidus</strong></span> <span class='ocrx_word' id='word_1_103' title='bbox 911 1417 1050 1484; x_wconf 86' lang='lat' dir='ltr'><strong>apud</strong></span> <span class='ocrx_word' id='word_1_104' title='bbox 1081 1414 1331 1469; x_wconf 88' lang='lat' dir='ltr'><strong>Pltotium</strong></span> <span class='ocrx_word' id='word_1_105' title='bbox 1361 1412 1483 1467; x_wconf 91' lang='lat' dir='ltr'><strong>cod.</strong></span> <span class='ocrx_word' id='word_1_106' title='bbox 1517 1410 1604 1477; x_wconf 86' lang='lat'><strong>79,</strong></span> <span class='ocrx_word' id='word_1_107' title='bbox 1627 1419 1791 1466; x_wconf 82' lang='lat' dir='ltr'><strong>esset.</strong></span> 
     </span>
    </p>
   </div>
   <div class='ocr_carea' id='block_1_15' title="bbox 430 1491 1936 1565">
    <p class='ocr_par' dir='ltr' id='par_1_15' title="bbox 430 1491 1936 1565">
     <span class='ocr_line' id='line_1_15' title="bbox 430 1491 1936 1565; baseline -0.006 -10"><span class='ocrx_word' id='word_1_108' title='bbox 430 1501 546 1556; x_wconf 90' lang='lat' dir='ltr'><strong>Col.</strong></span> <span class='ocrx_word' id='word_1_109' title='bbox 576 1499 697 1554; x_wconf 75' lang='lat'><strong>152.</strong></span> <span class='ocrx_word' id='word_1_110' title='bbox 717 1497 1074 1565; x_wconf 74' lang='grc' dir='ltr'>Κελεσθέρη.</span> <span class='ocrx_word' id='word_1_111' title='bbox 1111 1494 1431 1565; x_wconf 80' lang='grc' dir='ltr'>Κελένδερις</span> <span class='ocrx_word' id='word_1_112' title='bbox 1465 1501 1567 1558; x_wconf 89' lang='lat' dir='ltr'><strong>est,</strong></span> <span class='ocrx_word' id='word_1_113' title='bbox 1588 1508 1707 1563; x_wconf 68' lang='lat' dir='ltr'><strong>qua:</strong></span> <span class='ocrx_word' id='word_1_114' title='bbox 1744 1491 1936 1547; x_wconf 83' lang='lat' dir='ltr'><strong>Celen-</strong></span> 
     </span>
    </p>
   </div>
   <div class='ocr_carea' id='block_1_16' title="bbox 359 1574 1937 1652">
    <p class='ocr_par' dir='ltr' id='par_1_16' title="bbox 359 1574 1937 1652">
     <span class='ocr_line' id='line_1_16' title="bbox 359 1574 1937 1652; baseline -0.006 -13"><span class='ocrx_word' id='word_1_115' title='bbox 359 1584 545 1650; x_wconf 64' lang='lat' dir='ltr'><strong>Ilelaz,</strong></span> <span class='ocrx_word' id='word_1_116' title='bbox 597 1596 924 1652; x_wconf 86' lang='lat' dir='ltr'><strong>quamquam</strong></span> <span class='ocrx_word' id='word_1_117' title='bbox 970 1578 1280 1635; x_wconf 67' lang='lat' dir='ltr'><strong>(litandaris</strong></span> <span class='ocrx_word' id='word_1_118' title='bbox 1326 1592 1429 1632; x_wconf 90' lang='lat' dir='ltr'><strong>ms.</strong></span> <span class='ocrx_word' id='word_1_119' title='bbox 1482 1574 1806 1631; x_wconf 87' lang='lat' dir='ltr'><strong>D’Orviliani</strong></span> <span class='ocrx_word' id='word_1_120' title='bbox 1867 1576 1937 1631; x_wconf 85' lang='lat' dir='ltr'><strong>ad</strong></span> 
     </span>
    </p>
   </div>
   <div class='ocr_carea' id='block_1_17' title="bbox 355 1657 1939 1733">
    <p class='ocr_par' dir='ltr' id='par_1_17' title="bbox 355 1657 1939 1733">
     <span class='ocr_line' id='line_1_17' title="bbox 355 1657 1939 1733; baseline -0.006 -12"><span class='ocrx_word' id='word_1_121' title='bbox 355 1664 678 1721; x_wconf 88' lang='lat' dir='ltr'><strong>Celenderin</strong></span> <span class='ocrx_word' id='word_1_122' title='bbox 709 1663 927 1733; x_wconf 85' lang='lat' dir='ltr'><strong>propior</strong></span> <span class='ocrx_word' id='word_1_123' title='bbox 966 1671 1069 1717; x_wconf 90' lang='lat' dir='ltr'><strong>est.</strong></span> <span class='ocrx_word' id='word_1_124' title='bbox 1100 1660 1327 1716; x_wconf 89' lang='lat' dir='ltr'><strong>Condita</strong></span> <span class='ocrx_word' id='word_1_125' title='bbox 1358 1667 1440 1714; x_wconf 89' lang='lat' dir='ltr'><strong>est</strong></span> <span class='ocrx_word' id='word_1_126' title='bbox 1469 1674 1498 1713; x_wconf 92' lang='lat' dir='ltr'><strong>a</strong></span> <span class='ocrx_word' id='word_1_127' title='bbox 1534 1658 1784 1714; x_wconf 83' lang='lat' dir='ltr'><strong>Sandoco</strong></span> <span class='ocrx_word' id='word_1_128' title='bbox 1822 1657 1939 1713; x_wconf 82' lang='lat' dir='ltr'><strong>sive</strong></span> 
     </span>
    </p>
   </div>
   <div class='ocr_carea' id='block_1_18' title="bbox 357 1741 1937 1815">
    <p class='ocr_par' dir='ltr' id='par_1_18' title="bbox 357 1741 1937 1815">
     <span class='ocr_line' id='line_1_18' title="bbox 357 1741 1937 1815; baseline -0.004 -13"><span class='ocrx_word' id='word_1_129' title='bbox 357 1748 633 1815; x_wconf 85' lang='lat' dir='ltr'><strong>Sandaco,</strong></span> <span class='ocrx_word' id='word_1_130' title='bbox 686 1748 732 1801; x_wconf 93' lang='lat' dir='ltr'><strong>si</strong></span> <span class='ocrx_word' id='word_1_131' title='bbox 783 1746 1142 1815; x_wconf 89' lang='lat' dir='ltr'><strong>Apollodorus</strong></span> <span class='ocrx_word' id='word_1_132' title='bbox 1189 1742 1332 1796; x_wconf 84' lang='lat' dir='ltr'><strong>Bibl.</strong></span> <span class='ocrx_word' id='word_1_133' title='bbox 1385 1757 1467 1804; x_wconf 86' lang='grc' dir='ltr'>ιιι,</span> <span class='ocrx_word' id='word_1_134' title='bbox 1528 1756 1583 1811; x_wconf 91' lang='lat' dir='ltr'><strong>p.</strong></span> <span class='ocrx_word' id='word_1_135' title='bbox 1626 1742 1730 1798; x_wconf 82' lang='grc'><strong>195</strong></span> <span class='ocrx_word' id='word_1_136' title='bbox 1773 1741 1937 1796; x_wconf 82' lang='lat' dir='ltr'><strong>Iidem</strong></span> 
     </span>
    </p>
   </div>
   <div class='ocr_carea' id='block_1_19' title="bbox 359 1817 1938 1899">
    <p class='ocr_par' dir='ltr' id='par_1_19' title="bbox 359 1817 1938 1899">
     <span class='ocr_line' id='line_1_19' title="bbox 359 1817 1938 1899; baseline -0.004 -14"><span class='ocrx_word' id='word_1_137' title='bbox 359 1840 616 1891; x_wconf 86' lang='lat' dir='ltr'><strong>meretur,</strong></span> <span class='ocrx_word' id='word_1_138' title='bbox 651 1839 805 1899; x_wconf 81' lang='lat' dir='ltr'><strong>patre</strong></span> <span class='ocrx_word' id='word_1_139' title='bbox 839 1817 1071 1896; x_wconf 68' lang='lat' dir='ltr'><strong>Cinyrae,</strong></span> <span class='ocrx_word' id='word_1_140' title='bbox 1104 1840 1268 1896; x_wconf 87' lang='lat' dir='ltr'><strong>quem</strong></span> <span class='ocrx_word' id='word_1_141' title='bbox 1310 1839 1374 1879; x_wconf 81' lang='lat' dir='ltr'><strong>ex</strong></span> <span class='ocrx_word' id='word_1_142' title='bbox 1413 1823 1727 1893; x_wconf 91' lang='lat' dir='ltr'><strong>Pharnace,</strong></span> <span class='ocrx_word' id='word_1_143' title='bbox 1772 1838 1938 1894; x_wconf 89' lang='lat' dir='ltr'><strong>quam</strong></span> 
     </span>
    </p>
   </div>
   <div class='ocr_carea' id='block_1_20' title="bbox 359 1905 1937 1984">
    <p class='ocr_par' dir='ltr' id='par_1_20' title="bbox 359 1905 1937 1984">
     <span class='ocr_line' id='line_1_20' title="bbox 359 1905 1937 1984; baseline -0.004 -15"><span class='ocrx_word' id='word_1_144' title='bbox 359 1914 714 1984; x_wconf 78' lang='lat' dir='ltr'><strong>Apollodorus</strong></span> <span class='ocrx_word' id='word_1_145' title='bbox 741 1912 992 1982; x_wconf 84' lang='grc' dir='ltr'>Θανάκην</span> <span class='ocrx_word' id='word_1_146' title='bbox 1015 1920 1194 1977; x_wconf 89' lang='lat' dir='ltr'><strong>vocat,</strong></span> <span class='ocrx_word' id='word_1_147' title='bbox 1218 1908 1421 1980; x_wconf 77' lang='lat' dir='ltr'><strong>genuit.</strong></span> <span class='ocrx_word' id='word_1_148' title='bbox 1452 1905 1583 1964; x_wconf 83' lang='lat' dir='ltr'><strong>Vide</strong></span> <span class='ocrx_word' id='word_1_149' title='bbox 1615 1908 1937 1979; x_wconf 83' lang='lat' dir='ltr'><strong>Hesychium</strong></span> 
     </span>
    </p>
   </div>
   <div class='ocr_carea' id='block_1_21' title="bbox 358 1986 1938 2061">
    <p class='ocr_par' dir='ltr' id='par_1_21' title="bbox 358 1986 1938 2061">
     <span class='ocr_line' id='line_1_21' title="bbox 358 1986 1938 2061; baseline -0.004 -14"><span class='ocrx_word' id='word_1_150' title='bbox 358 1993 413 2047; x_wconf 89' lang='lat' dir='ltr'><strong>in</strong></span> <span class='ocrx_word' id='word_1_151' title='bbox 446 1991 687 2061; x_wconf 82' lang='grc' dir='ltr'>Κινύρας</span> <span class='ocrx_word' id='word_1_152' title='bbox 710 2001 763 2046; x_wconf 86' lang='lat' dir='ltr'><strong>et</strong></span> <span class='ocrx_word' id='word_1_153' title='bbox 786 1991 1006 2046; x_wconf 83' lang='lat' dir='ltr'><strong>Suidam</strong></span> <span class='ocrx_word' id='word_1_154' title='bbox 1037 1991 1089 2045; x_wconf 91' lang='lat' dir='ltr'><strong>in</strong></span> <span class='ocrx_word' id='word_1_155' title='bbox 1114 1986 1568 2057; x_wconf 82' lang='grc' dir='ltr'>Καταγηγάσαις,</span> <span class='ocrx_word' id='word_1_156' title='bbox 1600 1988 1690 2045; x_wconf 87' lang='lat' dir='ltr'><strong>ubi</strong></span> <span class='ocrx_word' id='word_1_157' title='bbox 1721 1986 1938 2043; x_wconf 85' lang='lat' dir='ltr'><strong>mallem</strong></span> 
     </span>
    </p>
   </div>
   <div class='ocr_carea' id='block_1_22' title="bbox 358 2070 1149 2127">
    <p class='ocr_par' dir='ltr' id='par_1_22' title="bbox 358 2070 1149 2127">
     <span class='ocr_line' id='line_1_22' title="bbox 358 2070 1149 2127; baseline -0.001 0"><span class='ocrx_word' id='word_1_158' title='bbox 358 2072 493 2127; x_wconf 83' lang='lat' dir='ltr'><strong>nihil</strong></span> <span class='ocrx_word' id='word_1_159' title='bbox 531 2087 561 2126; x_wconf 90' lang='lat' dir='ltr'><strong>a</strong></span> <span class='ocrx_word' id='word_1_160' title='bbox 595 2070 828 2126; x_wconf 81' lang='lat' dir='ltr'><strong>Kustero</strong></span> <span class='ocrx_word' id='word_1_161' title='bbox 860 2080 1149 2126; x_wconf 89' lang='lat' dir='ltr'><strong>mutatum.</strong></span> 
     </span>
    </p>
   </div>
   <div class='ocr_carea' id='block_1_23' title="bbox 430 2165 1940 2239">
    <p class='ocr_par' dir='ltr' id='par_1_23' title="bbox 430 2165 1940 2239">
     <span class='ocr_line' id='line_1_23' title="bbox 430 2165 1940 2239; baseline -0.002 -15"><span class='ocrx_word' id='word_1_162' title='bbox 430 2170 567 2225; x_wconf 92' lang='lat' dir='ltr'><strong>Ibid.</strong></span> <span class='ocrx_word' id='word_1_163' title='bbox 597 2168 998 2237; x_wconf 80' lang='grc' dir='ltr'>Ἀνεμούριον.</span> <span class='ocrx_word' id='word_1_164' title='bbox 1052 2169 1167 2224; x_wconf 84' lang='lat' dir='ltr'><strong>Sita</strong></span> <span class='ocrx_word' id='word_1_165' title='bbox 1196 2179 1314 2225; x_wconf 90' lang='lat' dir='ltr'><strong>erat</strong></span> <span class='ocrx_word' id='word_1_166' title='bbox 1338 2169 1389 2225; x_wconf 93' lang='lat' dir='ltr'><strong>in</strong></span> <span class='ocrx_word' id='word_1_167' title='bbox 1426 2168 1672 2239; x_wconf 84' lang='lat' dir='ltr'><strong>ejusdem</strong></span> <span class='ocrx_word' id='word_1_168' title='bbox 1705 2165 1940 2222; x_wconf 85' lang='lat' dir='ltr'><strong>nominis</strong></span> 
     </span>
    </p>
   </div>
   <div class='ocr_carea' id='block_1_24' title="bbox 362 2245 1940 2320">
    <p class='ocr_par' dir='ltr' id='par_1_24' title="bbox 362 2245 1940 2320">
     <span class='ocr_line' id='line_1_24' title="bbox 362 2245 1940 2320; baseline -0.003 -17"><span class='ocrx_word' id='word_1_169' title='bbox 362 2248 752 2320; x_wconf 85' lang='lat' dir='ltr'><strong>promontorio,</strong></span> <span class='ocrx_word' id='word_1_170' title='bbox 784 2247 912 2302; x_wconf 89' lang='lat' dir='ltr'><strong>olim</strong></span> <span class='ocrx_word' id='word_1_171' title='bbox 963 2248 1163 2303; x_wconf 62' lang='lat' dir='ltr'><strong>Cilicia:</strong></span> <span class='ocrx_word' id='word_1_172' title='bbox 1210 2250 1535 2305; x_wconf 89' lang='lat' dir='ltr'><strong>contributa.</strong></span> <span class='ocrx_word' id='word_1_173' title='bbox 1578 2245 1940 2302; x_wconf 83' lang='lat' dir='ltr'><strong>Meminerunt</strong></span> 
     </span>
    </p>
   </div>
   <div class='ocr_carea' id='block_1_25' title="bbox 364 2330 1939 2402">
    <p class='ocr_par' dir='ltr' id='par_1_25' title="bbox 364 2330 1939 2402">
     <span class='ocr_line' id='line_1_25' title="bbox 364 2330 1939 2402; baseline -0.002 -14"><span class='ocrx_word' id='word_1_174' title='bbox 364 2332 514 2388; x_wconf 84' lang='lat' dir='ltr'><strong>urbis</strong></span> <span class='ocrx_word' id='word_1_175' title='bbox 558 2332 691 2385; x_wconf 80' lang='lat' dir='ltr'><strong>Acta</strong></span> <span class='ocrx_word' id='word_1_176' title='bbox 729 2331 788 2385; x_wconf 91' lang='lat' dir='ltr'><strong>S.</strong></span> <span class='ocrx_word' id='word_1_177' title='bbox 822 2330 1105 2399; x_wconf 62' lang='lat' dir='ltr'><strong>Barnaba‘,</strong></span> <span class='ocrx_word' id='word_1_178' title='bbox 1139 2348 1258 2402; x_wconf 72' lang='lat' dir='ltr'><strong>qua:</strong></span> <span class='ocrx_word' id='word_1_179' title='bbox 1296 2332 1552 2398; x_wconf 85' lang='lat' dir='ltr'><strong>Joannes,</strong></span> <span class='ocrx_word' id='word_1_180' title='bbox 1585 2332 1705 2401; x_wconf 81' lang='lat' dir='ltr'><strong>ejus</strong></span> <span class='ocrx_word' id='word_1_181' title='bbox 1733 2342 1939 2394; x_wconf 87' lang='lat' dir='ltr'><strong>comes,</strong></span> 
     </span>
    </p>
   </div>
   <div class='ocr_carea' id='block_1_26' title="bbox 363 2413 1941 2485">
    <p class='ocr_par' dir='ltr' id='par_1_26' title="bbox 363 2413 1941 2485">
     <span class='ocr_line' id='line_1_26' title="bbox 363 2413 1941 2485; baseline -0.001 -17"><span class='ocrx_word' id='word_1_182' title='bbox 363 2414 530 2468; x_wconf 88' lang='lat' dir='ltr'><strong>videri</strong></span> <span class='ocrx_word' id='word_1_183' title='bbox 575 2414 691 2468; x_wconf 87' lang='lat' dir='ltr'><strong>vult</strong></span> <span class='ocrx_word' id='word_1_184' title='bbox 724 2414 1040 2482; x_wconf 74' lang='lat' dir='ltr'><strong>digessisse,</strong></span> <span class='ocrx_word' id='word_1_185' title='bbox 1084 2425 1215 2471; x_wconf 90' lang='lat' dir='ltr'><strong>tom.</strong></span> <span class='ocrx_word' id='word_1_186' title='bbox 1264 2433 1303 2471; x_wconf 89' lang='grc' dir='ltr'><strong>ιι</strong></span> <span class='ocrx_word' id='word_1_187' title='bbox 1330 2416 1456 2473; x_wconf 83' lang='lat' dir='ltr'><strong>Jun.</strong></span> <span class='ocrx_word' id='word_1_188' title='bbox 1489 2431 1543 2485; x_wconf 91' lang='lat' dir='ltr'><strong>p.</strong></span> <span class='ocrx_word' id='word_1_189' title='bbox 1574 2414 1680 2469; x_wconf 72' lang='lat'><strong>432</strong></span> <span class='ocrx_word' id='word_1_190' title='bbox 1720 2431 1736 2469; x_wconf 87' lang='lat'><strong>:</strong></span> <span class='ocrx_word' id='word_1_191' title='bbox 1776 2413 1941 2468; x_wconf 80' lang='lat' dir='ltr'><strong>refert</strong></span> 
     </span>
    </p>
   </div>
   <div class='ocr_carea' id='block_1_27' title="bbox 362 2494 1938 2567">
    <p class='ocr_par' dir='ltr' id='par_1_27' title="bbox 362 2494 1938 2567">
     <span class='ocr_line' id='line_1_27' title="bbox 362 2494 1938 2567; baseline -0.001 -16"><span class='ocrx_word' id='word_1_192' title='bbox 362 2510 422 2551; x_wconf 88' lang='lat' dir='ltr'><strong>sc</strong></span> <span class='ocrx_word' id='word_1_193' title='bbox 451 2511 573 2550; x_wconf 88' lang='lat' dir='ltr'><strong>cum</strong></span> <span class='ocrx_word' id='word_1_194' title='bbox 612 2494 862 2549; x_wconf 88' lang='lat' dir='ltr'><strong>Barnaba</strong></span> <span class='ocrx_word' id='word_1_195' title='bbox 901 2495 1183 2552; x_wconf 62' lang='lat' dir='ltr'><strong>Laodiceae</strong></span> <span class='ocrx_word' id='word_1_196' title='bbox 1218 2498 1271 2552; x_wconf 92' lang='lat' dir='ltr'><strong>in</strong></span> <span class='ocrx_word' id='word_1_197' title='bbox 1313 2498 1471 2567; x_wconf 88' lang='lat' dir='ltr'><strong>Syria</strong></span> <span class='ocrx_word' id='word_1_198' title='bbox 1510 2499 1712 2563; x_wconf 80' lang='lat' dir='ltr'><strong>navim,</strong></span> <span class='ocrx_word' id='word_1_199' title='bbox 1740 2506 1799 2551; x_wconf 91' lang='lat' dir='ltr'><strong>ut</strong></span> <span class='ocrx_word' id='word_1_200' title='bbox 1832 2496 1938 2566; x_wconf 86' lang='lat' dir='ltr'><strong>Cy-</strong></span> 
     </span>
    </p>
   </div>
   <div class='ocr_carea' id='block_1_28' title="bbox 364 2579 1940 2649">
    <p class='ocr_par' dir='ltr' id='par_1_28' title="bbox 364 2579 1940 2649">
     <span class='ocr_line' id='line_1_28' title="bbox 364 2579 1940 2649; baseline 0 -16"><span class='ocrx_word' id='word_1_201' title='bbox 364 2594 518 2649; x_wconf 86' lang='lat' dir='ltr'><strong>prum</strong></span> <span class='ocrx_word' id='word_1_202' title='bbox 551 2585 823 2646; x_wconf 86' lang='lat' dir='ltr'><strong>peterent,</strong></span> <span class='ocrx_word' id='word_1_203' title='bbox 852 2579 1262 2645; x_wconf 82' lang='lat' dir='ltr'><strong>conscendisse,</strong></span> <span class='ocrx_word' id='word_1_204' title='bbox 1300 2581 1631 2649; x_wconf 86' lang='lat' dir='ltr'><strong>adversoque</strong></span> <span class='ocrx_word' id='word_1_205' title='bbox 1661 2579 1940 2634; x_wconf 82' lang='lat' dir='ltr'><strong>conﬂicta-</strong></span> 
     </span>
    </p>
   </div>
   <div class='ocr_carea' id='block_1_29' title="bbox 368 2659 1941 2733">
    <p class='ocr_par' dir='ltr' id='par_1_29' title="bbox 368 2659 1941 2733">
     <span class='ocr_line' id='line_1_29' title="bbox 368 2659 1941 2733; baseline 0.001 -19"><span class='ocrx_word' id='word_1_206' title='bbox 368 2674 451 2716; x_wconf 89' lang='lat' dir='ltr'><strong>tos</strong></span> <span class='ocrx_word' id='word_1_207' title='bbox 481 2659 649 2715; x_wconf 81' lang='lat' dir='ltr'><strong>fuisse</strong></span> <span class='ocrx_word' id='word_1_208' title='bbox 691 2670 873 2717; x_wconf 90' lang='lat' dir='ltr'><strong>vento.</strong></span> <span class='ocrx_word' id='word_1_209' title='bbox 925 2660 1031 2716; x_wconf 86' lang='lat' dir='ltr'><strong>Sed</strong></span> <span class='ocrx_word' id='word_1_210' title='bbox 1068 2663 1243 2732; x_wconf 85' lang='lat' dir='ltr'><strong>ipsum</strong></span> <span class='ocrx_word' id='word_1_211' title='bbox 1273 2663 1401 2733; x_wconf 80' lang='lat' dir='ltr'><strong>quid</strong></span> <span class='ocrx_word' id='word_1_212' title='bbox 1452 2662 1597 2718; x_wconf 82' lang='lat' dir='ltr'><strong>dicat</strong></span> <span class='ocrx_word' id='word_1_213' title='bbox 1637 2662 1827 2717; x_wconf 86' lang='lat' dir='ltr'><strong>audire</strong></span> <span class='ocrx_word' id='word_1_214' title='bbox 1855 2670 1941 2717; x_wconf 88' lang='lat' dir='ltr'><strong>est</strong></span> 
     </span>
    </p>
   </div>
   <div class='ocr_carea' id='block_1_30' title="bbox 362 2741 1940 2816">
    <p class='ocr_par' dir='ltr' id='par_1_30' title="bbox 362 2741 1940 2816">
     <span class='ocr_line' id='line_1_30' title="bbox 362 2741 1940 2816; baseline 0 -19"><span class='ocrx_word' id='word_1_215' title='bbox 362 2757 543 2810; x_wconf 74' lang='lat' dir='ltr'><strong>operte</strong></span> <span class='ocrx_word' id='word_1_216' title='bbox 569 2741 838 2812; x_wconf 85' lang='lat' dir='ltr'><strong>pretium:</strong></span> <span class='ocrx_word' id='word_1_217' title='bbox 874 2742 1145 2814; x_wconf 84' lang='grc' dir='ltr'>Ἦλθομεν</span> <span class='ocrx_word' id='word_1_218' title='bbox 1176 2745 1235 2797; x_wconf 78' lang='grc' dir='ltr'>ἐν</span> <span class='ocrx_word' id='word_1_219' title='bbox 1272 2744 1351 2815; x_wconf 78' lang='grc' dir='ltr'>τῷ</span> <span class='ocrx_word' id='word_1_220' title='bbox 1386 2745 1665 2816; x_wconf 79' lang='grc' dir='ltr'>Κορασίῳ.</span> <span class='ocrx_word' id='word_1_221' title='bbox 1698 2744 1940 2797; x_wconf 80' lang='grc' dir='ltr'>Ἐκεῖθεν</span> 
     </span>
    </p>
   </div>
   <div class='ocr_carea' id='block_1_31' title="bbox 364 2824 1941 2897">
    <p class='ocr_par' dir='ltr' id='par_1_31' title="bbox 364 2824 1941 2897">
     <span class='ocr_line' id='line_1_31' title="bbox 364 2824 1941 2897; baseline 0 -18"><span class='ocrx_word' id='word_1_222' title='bbox 364 2824 424 2879; x_wconf 69' lang='grc' dir='ltr'><strong>δὲ</strong></span> <span class='ocrx_word' id='word_1_223' title='bbox 456 2824 688 2896; x_wconf 67' lang='grc' dir='ltr'>ἤλθομεν</span> <span class='ocrx_word' id='word_1_224' title='bbox 711 2826 791 2888; x_wconf 78' lang='grc' dir='ltr'><strong>εἰς</strong></span> <span class='ocrx_word' id='word_1_225' title='bbox 830 2825 1071 2888; x_wconf 85' lang='grc' dir='ltr'>Παλαίας</span> <span class='ocrx_word' id='word_1_226' title='bbox 1109 2826 1210 2897; x_wconf 83' lang='grc' dir='ltr'>τῆς</span> <span class='ocrx_word' id='word_1_227' title='bbox 1238 2826 1534 2897; x_wconf 80' lang='grc' dir='ltr'>Ἰσαυρίας,</span> <span class='ocrx_word' id='word_1_228' title='bbox 1565 2826 1819 2882; x_wconf 78' lang='grc' dir='ltr'>κάκεῖθεν</span> <span class='ocrx_word' id='word_1_229' title='bbox 1856 2826 1941 2880; x_wconf 84' lang='grc' dir='ltr'><strong>ὲλ-</strong></span> 
     </span>
    </p>
   </div>
   <div class='ocr_carea' id='block_1_32' title="bbox 368 2908 1941 2982">
    <p class='ocr_par' dir='ltr' id='par_1_32' title="bbox 368 2908 1941 2982">
     <span class='ocr_line' id='line_1_32' title="bbox 368 2908 1941 2982; baseline -0.001 -19"><span class='ocrx_word' id='word_1_230' title='bbox 368 2910 551 2973; x_wconf 82' lang='grc' dir='ltr'>οόντες</span> <span class='ocrx_word' id='word_1_231' title='bbox 581 2911 639 2963; x_wconf 69' lang='grc' dir='ltr'>ιν</span> <span class='ocrx_word' id='word_1_232' title='bbox 669 2911 819 2981; x_wconf 81' lang='grc' dir='ltr'><strong>νήσῳ</strong></span> <span class='ocrx_word' id='word_1_233' title='bbox 863 2908 971 2963; x_wconf 73' lang='grc' dir='ltr'>τινὶ</span> <span class='ocrx_word' id='word_1_234' title='bbox 1012 2910 1285 2982; x_wconf 78' lang='grc' dir='ltr'>Πιτυούσῃ</span> <span class='ocrx_word' id='word_1_235' title='bbox 1330 2912 1677 2982; x_wconf 78' lang='grc' dir='ltr'>καλουμένῃ’</span> <span class='ocrx_word' id='word_1_236' title='bbox 1729 2911 1941 2965; x_wconf 76' lang='grc' dir='ltr'>ἐκεῖθεν</span> 
     </span>
    </p>
   </div>
   <div class='ocr_carea' id='block_1_33' title="bbox 363 2993 1943 3066">
    <p class='ocr_par' dir='ltr' id='par_1_33' title="bbox 363 2993 1943 3066">
     <span class='ocr_line' id='line_1_33' title="bbox 363 2993 1943 3066; baseline 0.001 -20"><span class='ocrx_word' id='word_1_237' title='bbox 363 2994 422 3047; x_wconf 84' lang='grc' dir='ltr'><strong>δὲ</strong></span> <span class='ocrx_word' id='word_1_238' title='bbox 457 2993 916 3066; x_wconf 79' lang='grc' dir='ltr'>παρεπλεύσαμιιν</span> <span class='ocrx_word' id='word_1_239' title='bbox 947 2996 1045 3054; x_wconf 80' lang='grc' dir='ltr'><strong>τὰς</strong></span> <span class='ocrx_word' id='word_1_240' title='bbox 1078 2993 1434 3063; x_wconf 76' lang='grc' dir='ltr'>Ἀκονησίας,</span> <span class='ocrx_word' id='word_1_241' title='bbox 1474 2995 1568 3049; x_wconf 69' lang='grc' dir='ltr'><strong>καὶ</strong></span> <span class='ocrx_word' id='word_1_242' title='bbox 1607 2994 1842 3065; x_wconf 74' lang='grc' dir='ltr'>ήλθομεν</span> <span class='ocrx_word' id='word_1_243' title='bbox 1883 2997 1943 3047; x_wconf 87' lang='grc' dir='ltr'>ὲν</span> 
     </span>
    </p>
   </div>
   <div class='ocr_carea' id='block_1_34' title="bbox 366 3078 1943 3149">
    <p class='ocr_par' dir='ltr' id='par_1_34' title="bbox 366 3078 1943 3149">
     <span class='ocr_line' id='line_1_34' title="bbox 366 3078 1943 3149; baseline 0.001 -19"><span class='ocrx_word' id='word_1_244' title='bbox 366 3078 523 3132; x_wconf 85' lang='grc' dir='ltr'>πόλει</span> <span class='ocrx_word' id='word_1_245' title='bbox 575 3078 933 3149; x_wconf 74' lang='grc' dir='ltr'><strong>Ἀγεμουρίῳ.</strong></span> <span class='ocrx_word' id='word_1_246' title='bbox 995 3078 1101 3134; x_wconf 90' lang='lat' dir='ltr'><strong>Ubi</strong></span> <span class='ocrx_word' id='word_1_247' title='bbox 1155 3080 1435 3132; x_wconf 87' lang='lat' dir='ltr'><strong>observari</strong></span> <span class='ocrx_word' id='word_1_248' title='bbox 1503 3078 1665 3132; x_wconf 90' lang='lat' dir='ltr'><strong>velim</strong></span> <span class='ocrx_word' id='word_1_249' title='bbox 1735 3078 1943 3133; x_wconf 86' lang='lat' dir='ltr'><strong>insulas</strong></span> 
     </span>
    </p>
   </div>
   <div class='ocr_carea' id='block_1_35' title="bbox 365 3160 1941 3233">
    <p class='ocr_par' dir='ltr' id='par_1_35' title="bbox 365 3160 1941 3233">
     <span class='ocr_line' id='line_1_35' title="bbox 365 3160 1941 3233; baseline 0.001 -18"><span class='ocrx_word' id='word_1_250' title='bbox 365 3160 666 3233; x_wconf 85' lang='lat' dir='ltr'><strong>Pittyusam</strong></span> <span class='ocrx_word' id='word_1_251' title='bbox 692 3171 748 3218; x_wconf 89' lang='lat' dir='ltr'><strong>et</strong></span> <span class='ocrx_word' id='word_1_252' title='bbox 770 3161 1085 3225; x_wconf 82' lang='lat' dir='ltr'><strong>Acenesias,</strong></span> <span class='ocrx_word' id='word_1_253' title='bbox 1122 3161 1209 3217; x_wconf 84' lang='lat' dir='ltr'><strong>vix</strong></span> <span class='ocrx_word' id='word_1_254' title='bbox 1243 3161 1371 3217; x_wconf 89' lang='lat' dir='ltr'><strong>alibi</strong></span> <span class='ocrx_word' id='word_1_255' title='bbox 1404 3162 1624 3226; x_wconf 87' lang='lat' dir='ltr'><strong>obvias;</strong></span> <span class='ocrx_word' id='word_1_256' title='bbox 1682 3171 1941 3232; x_wconf 81' lang='lat' dir='ltr'><strong>praeterea</strong></span> 
     </span>
    </p>
   </div>
   <div class='ocr_carea' id='block_1_36' title="bbox 366 3243 1945 3315">
    <p class='ocr_par' dir='ltr' id='par_1_36' title="bbox 366 3243 1945 3315">
     <span class='ocr_line' id='line_1_36' title="bbox 366 3243 1945 3315; baseline 0.001 -16"><span class='ocrx_word' id='word_1_257' title='bbox 366 3243 646 3299; x_wconf 88' lang='lat' dir='ltr'><strong>Corasium</strong></span> <span class='ocrx_word' id='word_1_258' title='bbox 676 3244 817 3299; x_wconf 90' lang='lat' dir='ltr'><strong>idem</strong></span> <span class='ocrx_word' id='word_1_259' title='bbox 839 3258 903 3301; x_wconf 88' lang='lat' dir='ltr'><strong>ac</strong></span> <span class='ocrx_word' id='word_1_260' title='bbox 930 3244 1415 3301; x_wconf 90' lang='lat' dir='ltr'><strong>Pseudocorasium</strong></span> <span class='ocrx_word' id='word_1_261' title='bbox 1450 3259 1573 3300; x_wconf 87' lang='lat' dir='ltr'><strong>esse</strong></span> <span class='ocrx_word' id='word_1_262' title='bbox 1605 3244 1863 3315; x_wconf 88' lang='lat' dir='ltr'><strong>Stephani</strong></span> <span class='ocrx_word' id='word_1_263' title='bbox 1890 3252 1945 3300; x_wconf 89' lang='lat' dir='ltr'><strong>et</strong></span> 
     </span>
    </p>
   </div>
   <div class='ocr_carea' id='block_1_37' title="bbox 368 3325 1943 3393">
    <p class='ocr_par' dir='ltr' id='par_1_37' title="bbox 368 3325 1943 3393">
     <span class='ocr_line' id='line_1_37' title="bbox 368 3325 1943 3393; baseline 0.001 -13"><span class='ocrx_word' id='word_1_264' title='bbox 368 3326 611 3390; x_wconf 79' lang='grc' dir='ltr'>Παλαέας</span> <span class='ocrx_word' id='word_1_265' title='bbox 659 3325 865 3382; x_wconf 66' lang='lat' dir='ltr'><strong>Paleas</strong></span> <span class='ocrx_word' id='word_1_266' title='bbox 911 3328 982 3383; x_wconf 88' lang='lat' dir='ltr'><strong>ab</strong></span> <span class='ocrx_word' id='word_1_267' title='bbox 1026 3326 1315 3383; x_wconf 86' lang='lat' dir='ltr'><strong>Ammiano</strong></span> <span class='ocrx_word' id='word_1_268' title='bbox 1361 3327 1500 3384; x_wconf 90' lang='lat' dir='ltr'><strong>bene</strong></span> <span class='ocrx_word' id='word_1_269' title='bbox 1544 3327 1797 3393; x_wconf 82' lang='lat' dir='ltr'><strong>describi,</strong></span> <span class='ocrx_word' id='word_1_270' title='bbox 1842 3327 1943 3382; x_wconf 83' lang='lat' dir='ltr'><strong>etsi</strong></span> 
     </span>
    </p>
   </div>
   <div class='ocr_carea' id='block_1_38' title="bbox 370 3408 1462 3479">
    <p class='ocr_par' dir='ltr' id='par_1_38' title="bbox 370 3408 1462 3479">
     <span class='ocr_line' id='line_1_38' title="bbox 370 3408 1462 3479; baseline 0.003 -15"><span class='ocrx_word' id='word_1_271' title='bbox 370 3411 510 3464; x_wconf 83' lang='lat' dir='ltr'><strong>male</strong></span> <span class='ocrx_word' id='word_1_272' title='bbox 546 3409 665 3479; x_wconf 85' lang='lat' dir='ltr'><strong>ejus</strong></span> <span class='ocrx_word' id='word_1_273' title='bbox 691 3408 811 3465; x_wconf 87' lang='lat' dir='ltr'><strong>libri</strong></span> <span class='ocrx_word' id='word_1_274' title='bbox 845 3409 1032 3467; x_wconf 85' lang='lat' dir='ltr'><strong>Paleas</strong></span> <span class='ocrx_word' id='word_1_275' title='bbox 1062 3419 1278 3476; x_wconf 88' lang='lat' dir='ltr'><strong>vocent,</strong></span> <span class='ocrx_word' id='word_1_276' title='bbox 1311 3412 1379 3466; x_wconf 67' lang='grc'>14</span> <span class='ocrx_word' id='word_1_277' title='bbox 1405 3411 1462 3467; x_wconf 91' lang='lat'><strong>2.</strong></span> 
     </span>
    </p>
   </div>
   <div class='ocr_carea' id='block_1_39' title="bbox 436 3504 1941 3575">
    <p class='ocr_par' dir='ltr' id='par_1_39' title="bbox 436 3504 1941 3575">
     <span class='ocr_line' id='line_1_39' title="bbox 436 3504 1941 3575; baseline 0.001 -16"><span class='ocrx_word' id='word_1_278' title='bbox 436 3504 571 3561; x_wconf 91' lang='lat' dir='ltr'><strong>Ibid.</strong></span> <span class='ocrx_word' id='word_1_279' title='bbox 612 3508 1009 3575; x_wconf 76' lang='grc' dir='ltr'>Τιτιούπολις.</span> <span class='ocrx_word' id='word_1_280' title='bbox 1038 3506 1211 3563; x_wconf 76' lang='lat' dir='ltr'><strong>liabet</strong></span> <span class='ocrx_word' id='word_1_281' title='bbox 1240 3507 1427 3563; x_wconf 85' lang='lat' dir='ltr'><strong>urbem</strong></span> <span class='ocrx_word' id='word_1_282' title='bbox 1479 3506 1871 3564; x_wconf 90' lang='lat' dir='ltr'><strong>Constantinus</strong></span> <span class='ocrx_word' id='word_1_283' title='bbox 1902 3507 1941 3560; x_wconf 94' lang='lat' dir='ltr'><strong>I.</strong></span> 
     </span>
    </p>
   </div>
   <div class='ocr_carea' id='block_1_40' title="bbox 371 3591 1941 3663">
    <p class='ocr_par' dir='ltr' id='par_1_40' title="bbox 371 3591 1941 3663">
     <span class='ocr_line' id='line_1_40' title="bbox 371 3591 1941 3663; baseline 0.001 -20"><span class='ocrx_word' id='word_1_284' title='bbox 371 3606 387 3643; x_wconf 91' lang='grc' dir='ltr'><strong>ι</strong></span> <span class='ocrx_word' id='word_1_285' title='bbox 450 3592 617 3643; x_wconf 90' lang='lat' dir='ltr'><strong>them.</strong></span> <span class='ocrx_word' id='word_1_286' title='bbox 672 3591 762 3655; x_wconf 74' lang='grc'><strong>15,</strong></span> <span class='ocrx_word' id='word_1_287' title='bbox 793 3606 955 3660; x_wconf 91' lang='lat' dir='ltr'><strong>quam</strong></span> <span class='ocrx_word' id='word_1_288' title='bbox 1004 3592 1266 3648; x_wconf 89' lang='lat' dir='ltr'><strong>Domitius</strong></span> <span class='ocrx_word' id='word_1_289' title='bbox 1292 3592 1493 3663; x_wconf 80' lang='lat' dir='ltr'><strong>praesul</strong></span> <span class='ocrx_word' id='word_1_290' title='bbox 1547 3591 1941 3654; x_wconf 84' lang='grc' dir='ltr'>Τιτιουπόλεως</span> 
     </span>
    </p>
   </div>
   <div class='ocr_carea' id='block_1_41' title="bbox 369 3672 1943 3745">
    <p class='ocr_par' dir='ltr' id='par_1_41' title="bbox 369 3672 1943 3745">
     <span class='ocr_line' id='line_1_41' title="bbox 369 3672 1943 3745; baseline -0.006 -10"><span class='ocrx_word' id='word_1_291' title='bbox 369 3672 469 3741; x_wconf 81' lang='grc' dir='ltr'>τῆς</span> <span class='ocrx_word' id='word_1_292' title='bbox 496 3672 756 3745; x_wconf 83' lang='grc' dir='ltr'>’Ῑσαύρων</span> <span class='ocrx_word' id='word_1_293' title='bbox 786 3672 1056 3743; x_wconf 69' lang='grc' dir='ltr'>ἐπαρχίας</span> <span class='ocrx_word' id='word_1_294' title='bbox 1086 3676 1318 3730; x_wconf 90' lang='lat' dir='ltr'><strong>concilio</strong></span> <span class='ocrx_word' id='word_1_295' title='bbox 1346 3675 1763 3744; x_wconf 90' lang='lat' dir='ltr'><strong>Constantinop.</strong></span> <span class='ocrx_word' id='word_1_296' title='bbox 1789 3674 1943 3728; x_wconf 90' lang='lat' dir='ltr'><strong>tertio</strong></span> 
     </span>
    </p>
   </div>
   <div class='ocr_carea' id='block_1_42' title="bbox 372 3754 787 3823">
    <p class='ocr_par' dir='ltr' id='par_1_42' title="bbox 372 3754 787 3823">
     <span class='ocr_line' id='line_1_42' title="bbox 372 3754 787 3823; baseline 0.005 -16"><span class='ocrx_word' id='word_1_297' title='bbox 372 3770 425 3823; x_wconf 89' lang='lat' dir='ltr'><strong>p.</strong></span> <span class='ocrx_word' id='word_1_298' title='bbox 454 3754 552 3808; x_wconf 86' lang='grc'><strong>671</strong></span> <span class='ocrx_word' id='word_1_299' title='bbox 586 3755 787 3809; x_wconf 82' lang='lat' dir='ltr'><strong>ﬁrmat.</strong></span> 
     </span>
    </p>
   </div>
   <div class='ocr_carea' id='block_1_43' title="bbox 442 3848 1945 3920">
    <p class='ocr_par' dir='ltr' id='par_1_43' title="bbox 442 3848 1945 3920">
     <span class='ocr_line' id='line_1_43' title="bbox 442 3848 1945 3920; baseline 0 -17"><span class='ocrx_word' id='word_1_300' title='bbox 442 3850 578 3904; x_wconf 92' lang='lat' dir='ltr'><strong>Ibid.</strong></span> <span class='ocrx_word' id='word_1_301' title='bbox 614 3851 839 3919; x_wconf 83' lang='grc' dir='ltr'><strong>Λάμος.</strong></span> <span class='ocrx_word' id='word_1_302' title='bbox 868 3848 1045 3905; x_wconf 88' lang='lat' dir='ltr'><strong>Situm</strong></span> <span class='ocrx_word' id='word_1_303' title='bbox 1070 3851 1136 3904; x_wconf 88' lang='lat' dir='ltr'><strong>ad</strong></span> <span class='ocrx_word' id='word_1_304' title='bbox 1177 3850 1420 3920; x_wconf 85' lang='lat' dir='ltr'><strong>ejusdem</strong></span> <span class='ocrx_word' id='word_1_305' title='bbox 1456 3850 1692 3904; x_wconf 89' lang='lat' dir='ltr'><strong>nominis</strong></span> <span class='ocrx_word' id='word_1_306' title='bbox 1731 3864 1945 3904; x_wconf 90' lang='lat' dir='ltr'><strong>amnem</strong></span> 
     </span>
    </p>
   </div>
   <div class='ocr_carea' id='block_1_44' title="bbox 372 3931 1949 4003">
    <p class='ocr_par' dir='ltr' id='par_1_44' title="bbox 372 3931 1949 4003">
     <span class='ocr_line' id='line_1_44' title="bbox 372 3931 1949 4003; baseline -0.001 -16"><span class='ocrx_word' id='word_1_307' title='bbox 372 3933 629 3998; x_wconf 81' lang='lat' dir='ltr'><strong>habebat,</strong></span> <span class='ocrx_word' id='word_1_308' title='bbox 677 3932 821 3987; x_wconf 88' lang='lat' dir='ltr'><strong>unde</strong></span> <span class='ocrx_word' id='word_1_309' title='bbox 852 3942 907 3987; x_wconf 89' lang='lat' dir='ltr'><strong>et</strong></span> <span class='ocrx_word' id='word_1_310' title='bbox 939 3931 1111 3986; x_wconf 89' lang='lat' dir='ltr'><strong>vicina</strong></span> <span class='ocrx_word' id='word_1_311' title='bbox 1150 3932 1295 4003; x_wconf 83' lang='lat' dir='ltr'><strong>regio</strong></span> <span class='ocrx_word' id='word_1_312' title='bbox 1336 3931 1593 4002; x_wconf 79' lang='grc' dir='ltr'>Λαμωτὶς</span> <span class='ocrx_word' id='word_1_313' title='bbox 1641 3931 1779 4000; x_wconf 89' lang='lat' dir='ltr'><strong>apud</strong></span> <span class='ocrx_word' id='word_1_314' title='bbox 1824 3932 1949 3986; x_wconf 88' lang='lat' dir='ltr'><strong>Ste-</strong></span> 
     </span>
    </p>
   </div>
   <div class='ocr_carea' id='block_1_45' title="bbox 372 4013 1945 4086">
    <p class='ocr_par' dir='ltr' id='par_1_45' title="bbox 372 4013 1945 4086">
     <span class='ocr_line' id='line_1_45' title="bbox 372 4013 1945 4086; baseline -0.001 -17"><span class='ocrx_word' id='word_1_315' title='bbox 372 4018 609 4083; x_wconf 84' lang='lat' dir='ltr'><strong>phanum</strong></span> <span class='ocrx_word' id='word_1_316' title='bbox 638 4018 690 4070; x_wconf 90' lang='lat' dir='ltr'><strong>in</strong></span> <span class='ocrx_word' id='word_1_317' title='bbox 730 4015 1050 4086; x_wconf 84' lang='grc' dir='ltr'><strong>Ἀντιόχεια.</strong></span> <span class='ocrx_word' id='word_1_318' title='bbox 1082 4013 1215 4071; x_wconf 78' lang='lat' dir='ltr'><strong>Vide</strong></span> <span class='ocrx_word' id='word_1_319' title='bbox 1244 4014 1515 4071; x_wconf 67' lang='lat' dir='ltr'><strong>Nicaenum</strong></span> <span class='ocrx_word' id='word_1_320' title='bbox 1550 4017 1843 4070; x_wconf 86' lang='lat' dir='ltr'><strong>secundum</strong></span> <span class='ocrx_word' id='word_1_321' title='bbox 1891 4030 1945 4084; x_wconf 93' lang='lat' dir='ltr'><strong>p.</strong></span> 
     </span>
    </p>
   </div>
   <div class='ocr_carea' id='block_1_46' title="bbox 371 4100 496 4155">
    <p class='ocr_par' dir='ltr' id='par_1_46' title="bbox 371 4100 496 4155">
     <span class='ocr_line' id='line_1_46' title="bbox 371 4100 496 4155; baseline 0.008 -1"><span class='ocrx_word' id='word_1_322' title='bbox 371 4100 496 4155; x_wconf 88' lang='grc'><strong>599.</strong></span> 
     </span>
    </p>
   </div>
   <div class='ocr_carea' id='block_1_47' title="bbox 442 4194 1949 4265">
    <p class='ocr_par' dir='ltr' id='par_1_47' title="bbox 442 4194 1949 4265">
     <span class='ocr_line' id='line_1_47' title="bbox 442 4194 1949 4265; baseline 0 -16"><span class='ocrx_word' id='word_1_323' title='bbox 442 4197 575 4250; x_wconf 88' lang='lat' dir='ltr'><strong>Ibid.</strong></span> <span class='ocrx_word' id='word_1_324' title='bbox 614 4196 957 4265; x_wconf 82' lang='grc' dir='ltr'><strong>Ἀντιόχεια.</strong></span> <span class='ocrx_word' id='word_1_325' title='bbox 988 4195 1167 4251; x_wconf 86' lang='lat' dir='ltr'><strong>Posita</strong></span> <span class='ocrx_word' id='word_1_326' title='bbox 1204 4196 1258 4251; x_wconf 91' lang='lat' dir='ltr'><strong>in</strong></span> <span class='ocrx_word' id='word_1_327' title='bbox 1299 4194 1582 4250; x_wconf 86' lang='lat' dir='ltr'><strong>Lamotide</strong></span> <span class='ocrx_word' id='word_1_328' title='bbox 1626 4203 1764 4259; x_wconf 89' lang='lat' dir='ltr'><strong>erat,</strong></span> <span class='ocrx_word' id='word_1_329' title='bbox 1814 4210 1949 4263; x_wconf 91' lang='lat' dir='ltr'><strong>qua-</strong></span> 
     </span>
    </p>
   </div>
   <div class='ocr_carea' id='block_1_48' title="bbox 375 4278 1949 4351">
    <p class='ocr_par' dir='ltr' id='par_1_48' title="bbox 375 4278 1949 4351">
     <span class='ocr_line' id='line_1_48' title="bbox 375 4278 1949 4351; baseline 0 -18"><span class='ocrx_word' id='word_1_330' title='bbox 375 4280 612 4334; x_wconf 89' lang='lat' dir='ltr'><strong>mobrem</strong></span> <span class='ocrx_word' id='word_1_331' title='bbox 644 4279 947 4350; x_wconf 84' lang='grc' dir='ltr'><strong>Ἀντιόχεια</strong></span> <span class='ocrx_word' id='word_1_332' title='bbox 975 4279 1075 4349; x_wconf 84' lang='grc' dir='ltr'>τῆς</span> <span class='ocrx_word' id='word_1_333' title='bbox 1100 4279 1418 4351; x_wconf 82' lang='grc' dir='ltr'>Λαμωτίδος</span> <span class='ocrx_word' id='word_1_334' title='bbox 1448 4279 1501 4333; x_wconf 90' lang='lat' dir='ltr'><strong>in</strong></span> <span class='ocrx_word' id='word_1_335' title='bbox 1537 4279 1768 4334; x_wconf 87' lang='lat' dir='ltr'><strong>concilio</strong></span> <span class='ocrx_word' id='word_1_336' title='bbox 1789 4278 1949 4333; x_wconf 88' lang='lat' dir='ltr'><strong>Chal-</strong></span> 
     </span>
    </p>
   </div>
   <div class='ocr_carea' id='block_1_49' title="bbox 376 4361 1948 4431">
    <p class='ocr_par' dir='ltr' id='par_1_49' title="bbox 376 4361 1948 4431">
     <span class='ocr_line' id='line_1_49' title="bbox 376 4361 1948 4431; baseline 0.001 -16"><span class='ocrx_word' id='word_1_337' title='bbox 376 4364 563 4417; x_wconf 85' lang='lat' dir='ltr'><strong>cedon.</strong></span> <span class='ocrx_word' id='word_1_338' title='bbox 598 4378 652 4429; x_wconf 88' lang='lat' dir='ltr'><strong>p.</strong></span> <span class='ocrx_word' id='word_1_339' title='bbox 680 4362 784 4418; x_wconf 83' lang='lat'><strong>528</strong></span> <span class='ocrx_word' id='word_1_340' title='bbox 804 4363 1020 4429; x_wconf 90' lang='lat' dir='ltr'><strong>dicitur,</strong></span> <span class='ocrx_word' id='word_1_341' title='bbox 1040 4372 1096 4417; x_wconf 90' lang='lat' dir='ltr'><strong>et</strong></span> <span class='ocrx_word' id='word_1_342' title='bbox 1119 4362 1334 4431; x_wconf 89' lang='lat' dir='ltr'><strong>quidem</strong></span> <span class='ocrx_word' id='word_1_343' title='bbox 1368 4363 1421 4416; x_wconf 93' lang='lat' dir='ltr'><strong>in</strong></span> <span class='ocrx_word' id='word_1_344' title='bbox 1445 4361 1580 4417; x_wconf 91' lang='lat' dir='ltr'><strong>colle</strong></span> <span class='ocrx_word' id='word_1_345' title='bbox 1612 4363 1755 4417; x_wconf 81' lang='lat' dir='ltr'><strong>circa</strong></span> <span class='ocrx_word' id='word_1_346' title='bbox 1777 4376 1948 4427; x_wconf 90' lang='lat' dir='ltr'><strong>mare,</strong></span> 
     </span>
    </p>
   </div>
   <div class='ocr_carea' id='block_1_50' title="bbox 377 4444 1950 4516">
    <p class='ocr_par' dir='ltr' id='par_1_50' title="bbox 377 4444 1950 4516">
     <span class='ocr_line' id='line_1_50' title="bbox 377 4444 1950 4516; baseline 0 -19"><span class='ocrx_word' id='word_1_347' title='bbox 377 4454 436 4497; x_wconf 81' lang='lat' dir='ltr'><strong>ut</strong></span> <span class='ocrx_word' id='word_1_348' title='bbox 465 4444 821 4513; x_wconf 82' lang='lat' dir='ltr'><strong>&#39;l‘heOphanes</strong></span> <span class='ocrx_word' id='word_1_349' title='bbox 847 4445 1247 4516; x_wconf 82' lang='lat' dir='ltr'><strong>Chronograph.</strong></span> <span class='ocrx_word' id='word_1_350' title='bbox 1291 4463 1343 4514; x_wconf 88' lang='lat' dir='ltr'><strong>p.</strong></span> <span class='ocrx_word' id='word_1_351' title='bbox 1396 4446 1499 4501; x_wconf 89' lang='grc'><strong>119</strong></span> <span class='ocrx_word' id='word_1_352' title='bbox 1526 4447 1680 4502; x_wconf 88' lang='lat' dir='ltr'><strong>docet</strong></span> <span class='ocrx_word' id='word_1_353' title='bbox 1717 4463 1731 4499; x_wconf 88' lang='lat'><strong>:</strong></span> <span class='ocrx_word' id='word_1_354' title='bbox 1763 4446 1950 4516; x_wconf 82' lang='grc' dir='ltr'>Τούτῳ</span> 
     </span>
    </p>
   </div>
   <div class='ocr_carea' id='block_1_51' title="bbox 376 4526 1950 4600">
    <p class='ocr_par' dir='ltr' id='par_1_51' title="bbox 376 4526 1950 4600">
     <span class='ocr_line' id='line_1_51' title="bbox 376 4526 1950 4600; baseline 0.003 -22"><span class='ocrx_word' id='word_1_355' title='bbox 376 4526 453 4597; x_wconf 77' lang='grc' dir='ltr'>τῷ</span> <span class='ocrx_word' id='word_1_356' title='bbox 482 4527 612 4591; x_wconf 73' lang='grc' dir='ltr'>ἔτει,</span> <span class='ocrx_word' id='word_1_357' title='bbox 640 4528 831 4598; x_wconf 90' lang='lat' dir='ltr'><strong>inquit,</strong></span> <span class='ocrx_word' id='word_1_358' title='bbox 868 4530 1132 4598; x_wconf 80' lang='grc' dir='ltr'>Λογγῖνός</span> <span class='ocrx_word' id='word_1_359' title='bbox 1167 4545 1253 4593; x_wconf 86' lang='grc' dir='ltr'><strong>τις</strong></span> <span class='ocrx_word' id='word_1_360' title='bbox 1291 4531 1318 4583; x_wconf 88' lang='grc' dir='ltr'>ὁ</span> <span class='ocrx_word' id='word_1_361' title='bbox 1346 4529 1638 4600; x_wconf 83' lang='grc' dir='ltr'>λεγόμενος</span> <span class='ocrx_word' id='word_1_362' title='bbox 1668 4529 1950 4583; x_wconf 85' lang='grc' dir='ltr'>Σελινούν-</span> 
     </span>
    </p>
   </div>
   <div class='ocr_carea' id='block_1_52' title="bbox 376 4611 1950 4684">
    <p class='ocr_par' dir='ltr' id='par_1_52' title="bbox 376 4611 1950 4684">
     <span class='ocr_line' id='line_1_52' title="bbox 376 4611 1950 4684; baseline 0.004 -23"><span class='ocrx_word' id='word_1_363' title='bbox 376 4611 625 4682; x_wconf 80' lang='grc' dir='ltr'>τιος,τὴν</span> <span class='ocrx_word' id='word_1_364' title='bbox 653 4612 989 4683; x_wconf 79' lang='grc' dir='ltr'><strong>Ἀντιόχειαν</strong></span> <span class='ocrx_word' id='word_1_365' title='bbox 1016 4614 1116 4684; x_wconf 72' lang='grc' dir='ltr'>τῆς</span> <span class='ocrx_word' id='word_1_366' title='bbox 1152 4614 1425 4683; x_wconf 81' lang='grc' dir='ltr'>Ἰσαυρίας</span> <span class='ocrx_word' id='word_1_367' title='bbox 1458 4614 1643 4679; x_wconf 72' lang='grc' dir='ltr'>οἰκῶν,</span> <span class='ocrx_word' id='word_1_368' title='bbox 1673 4614 1765 4666; x_wconf 74' lang='grc' dir='ltr'><strong>ἐπὶ</strong></span> <span class='ocrx_word' id='word_1_369' title='bbox 1806 4632 1950 4677; x_wconf 79' lang='grc' dir='ltr'>τινος</span> 
     </span>
    </p>
   </div>
   <div class='ocr_carea' id='block_1_53' title="bbox 374 4692 1950 4767">
    <p class='ocr_par' dir='ltr' id='par_1_53' title="bbox 374 4692 1950 4767">
     <span class='ocr_line' id='line_1_53' title="bbox 374 4692 1950 4767; baseline 0.002 -22"><span class='ocrx_word' id='word_1_370' title='bbox 374 4692 534 4762; x_wconf 77' lang='grc' dir='ltr'>ὅρους</span> <span class='ocrx_word' id='word_1_371' title='bbox 563 4695 823 4763; x_wconf 80' lang='grc' dir='ltr'><strong>κειμένην</strong></span> <span class='ocrx_word' id='word_1_372' title='bbox 867 4696 1072 4765; x_wconf 75' lang='grc' dir='ltr'>ὑψηλοῦ</span> <span class='ocrx_word' id='word_1_373' title='bbox 1112 4697 1253 4750; x_wconf 69' lang='grc' dir='ltr'>κατὰ</span> <span class='ocrx_word' id='word_1_374' title='bbox 1293 4697 1391 4767; x_wconf 78' lang='grc' dir='ltr'>τὴν</span> <span class='ocrx_word' id='word_1_375' title='bbox 1442 4696 1811 4766; x_wconf 77' lang='grc' dir='ltr'>μεσημερινὴν</span> <span class='ocrx_word' id='word_1_376' title='bbox 1851 4696 1950 4766; x_wconf 84' lang='grc' dir='ltr'>τῆς</span> 
     </span>
    </p>
   </div>
   <div class='ocr_carea' id='block_1_54' title="bbox 378 4777 1948 4849">
    <p class='ocr_par' dir='ltr' id='par_1_54' title="bbox 378 4777 1948 4849">
     <span class='ocr_line' id='line_1_54' title="bbox 378 4777 1948 4849; baseline 0.001 -20"><span class='ocrx_word' id='word_1_377' title='bbox 378 4777 560 4848; x_wconf 75' lang='grc' dir='ltr'>χώρας</span> <span class='ocrx_word' id='word_1_378' title='bbox 588 4777 880 4842; x_wconf 82' lang='grc' dir='ltr'>θάλασσαν,</span> <span class='ocrx_word' id='word_1_379' title='bbox 904 4779 1125 4849; x_wconf 69' lang='grc' dir='ltr'><strong>εἰσῆγεν</strong></span> <span class='ocrx_word' id='word_1_380' title='bbox 1154 4781 1265 4840; x_wconf 81' lang='grc' dir='ltr'>τοῖς</span> <span class='ocrx_word' id='word_1_381' title='bbox 1292 4777 1557 4847; x_wconf 83' lang='grc' dir='ltr'>Ἰσαύροις</span> <span class='ocrx_word' id='word_1_382' title='bbox 1588 4777 1657 4829; x_wconf 80' lang='grc' dir='ltr'><strong>τὰ</strong></span> <span class='ocrx_word' id='word_1_383' title='bbox 1687 4777 1948 4848; x_wconf 79' lang='grc' dir='ltr'><strong>τρόφιμα.</strong></span> 
     </span>
    </p>
   </div>
   <div class='ocr_carea' id='block_1_55' title="bbox 378 4860 1952 4930">
    <p class='ocr_par' dir='ltr' id='par_1_55' title="bbox 378 4860 1952 4930">
     <span class='ocr_line' id='line_1_55' title="bbox 378 4860 1952 4930; baseline 0 -16"><span class='ocrx_word' id='word_1_384' title='bbox 378 4861 547 4927; x_wconf 75' lang='lat' dir='ltr'><strong>Ilons,</strong></span> <span class='ocrx_word' id='word_1_385' title='bbox 579 4861 663 4915; x_wconf 89' lang='lat' dir='ltr'><strong>cui</strong></span> <span class='ocrx_word' id='word_1_386' title='bbox 706 4862 959 4930; x_wconf 88' lang='lat' dir='ltr'><strong>imposita</strong></span> <span class='ocrx_word' id='word_1_387' title='bbox 990 4871 1130 4927; x_wconf 88' lang='lat' dir='ltr'><strong>erat,</strong></span> <span class='ocrx_word' id='word_1_388' title='bbox 1160 4860 1369 4930; x_wconf 86' lang='lat' dir='ltr'><strong>Cragus</strong></span> <span class='ocrx_word' id='word_1_389' title='bbox 1390 4860 1691 4925; x_wconf 84' lang='lat' dir='ltr'><strong>dicebatur,</strong></span> <span class='ocrx_word' id='word_1_390' title='bbox 1725 4869 1782 4915; x_wconf 90' lang='lat' dir='ltr'><strong>ut</strong></span> <span class='ocrx_word' id='word_1_391' title='bbox 1822 4860 1952 4915; x_wconf 82' lang='lat' dir='ltr'><strong>Pto-</strong></span> 
     </span>
    </p>
   </div>
   <div class='ocr_carea' id='block_1_56' title="bbox 380 4944 804 5001">
    <p class='ocr_par' dir='ltr' id='par_1_56' title="bbox 380 4944 804 5001">
     <span class='ocr_line' id='line_1_56' title="bbox 380 4944 804 5001; baseline 0.002 -4"><span class='ocrx_word' id='word_1_392' title='bbox 380 4944 599 5001; x_wconf 70' lang='lat' dir='ltr'><strong>Icmmus</strong></span> <span class='ocrx_word' id='word_1_393' title='bbox 628 4948 804 4999; x_wconf 89' lang='lat' dir='ltr'><strong>docet.</strong></span> 
     </span>
    </p>
   </div>
   <div class='ocr_carea' id='block_1_57' title="bbox 450 5037 1951 5109">
    <p class='ocr_par' dir='ltr' id='par_1_57' title="bbox 450 5037 1951 5109">
     <span class='ocr_line' id='line_1_57' title="bbox 450 5037 1951 5109; baseline -0.001 -16"><span class='ocrx_word' id='word_1_394' title='bbox 450 5040 587 5095; x_wconf 88' lang='lat' dir='ltr'><strong>Ibid.</strong></span> <span class='ocrx_word' id='word_1_395' title='bbox 629 5040 1182 5107; x_wconf 76' lang='grc' dir='ltr'><strong>Ἰουλιουσεΰαστή.</strong></span> <span class='ocrx_word' id='word_1_396' title='bbox 1220 5038 1388 5107; x_wconf 80' lang='lat' dir='ltr'><strong>IInjus</strong></span> <span class='ocrx_word' id='word_1_397' title='bbox 1419 5040 1705 5107; x_wconf 87' lang='lat' dir='ltr'><strong>episcopus</strong></span> <span class='ocrx_word' id='word_1_398' title='bbox 1747 5037 1798 5091; x_wconf 92' lang='lat' dir='ltr'><strong>in</strong></span> <span class='ocrx_word' id='word_1_399' title='bbox 1848 5037 1951 5109; x_wconf 84' lang='lat' dir='ltr'><strong>Sy-</strong></span> 
     </span>
    </p>
   </div>
   <div class='ocr_carea' id='block_1_58' title="bbox 379 5119 1952 5192">
    <p class='ocr_par' dir='ltr' id='par_1_58' title="bbox 379 5119 1952 5192">
     <span class='ocr_line' id='line_1_58' title="bbox 379 5119 1952 5192; baseline -0.003 -13"><span class='ocrx_word' id='word_1_400' title='bbox 379 5126 567 5179; x_wconf 88' lang='lat' dir='ltr'><strong>nodica</strong></span> <span class='ocrx_word' id='word_1_401' title='bbox 601 5123 1006 5192; x_wconf 86' lang='lat' dir='ltr'><strong>provincialium</strong></span> <span class='ocrx_word' id='word_1_402' title='bbox 1041 5123 1265 5192; x_wconf 86' lang='lat' dir='ltr'><strong>epistula</strong></span> <span class='ocrx_word' id='word_1_403' title='bbox 1300 5134 1428 5177; x_wconf 90' lang='lat' dir='ltr'><strong>tom.</strong></span> <span class='ocrx_word' id='word_1_404' title='bbox 1469 5137 1517 5175; x_wconf 71' lang='grc' dir='ltr'>ιι</span> <span class='ocrx_word' id='word_1_405' title='bbox 1548 5120 1752 5177; x_wconf 87' lang='lat' dir='ltr'><strong>Concil.</strong></span> <span class='ocrx_word' id='word_1_406' title='bbox 1782 5119 1952 5180; x_wconf 85' lang='lat' dir='ltr'><strong>Labb.</strong></span> 
     </span>
    </p>
   </div>
   <div class='ocr_carea' id='block_1_59' title="bbox 378 5205 1953 5276">
    <p class='ocr_par' dir='ltr' id='par_1_59' title="bbox 378 5205 1953 5276">
     <span class='ocr_line' id='line_1_59' title="bbox 378 5205 1953 5276; baseline 0 -17"><span class='ocrx_word' id='word_1_407' title='bbox 378 5223 430 5276; x_wconf 86' lang='lat' dir='ltr'><strong>p.</strong></span> <span class='ocrx_word' id='word_1_408' title='bbox 475 5207 577 5260; x_wconf 83' lang='grc'><strong>’519</strong></span> <span class='ocrx_word' id='word_1_409' title='bbox 621 5208 975 5261; x_wconf 81' lang='lat' dir='ltr'><strong>Sebastianus</strong></span> <span class='ocrx_word' id='word_1_410' title='bbox 1027 5205 1288 5260; x_wconf 67' lang='lat' dir='ltr'><strong>Sebastire</strong></span> <span class='ocrx_word' id='word_1_411' title='bbox 1327 5207 1526 5260; x_wconf 78' lang='lat' dir='ltr'><strong>dicitur</strong></span> <span class='ocrx_word' id='word_1_412' title='bbox 1579 5222 1593 5258; x_wconf 91' lang='lat'><strong>:</strong></span> <span class='ocrx_word' id='word_1_413' title='bbox 1631 5219 1751 5258; x_wconf 87' lang='lat' dir='ltr'><strong>uaut</strong></span> <span class='ocrx_word' id='word_1_414' title='bbox 1806 5205 1953 5273; x_wconf 91' lang='lat' dir='ltr'><strong>quod</strong></span> 
     </span>
    </p>
   </div>
   <div class='ocr_carea' id='block_1_60' title="bbox 376 5289 1953 5358">
    <p class='ocr_par' dir='ltr' id='par_1_60' title="bbox 376 5289 1953 5358">
     <span class='ocr_line' id='line_1_60' title="bbox 376 5289 1953 5358; baseline -0.004 -11"><span class='ocrx_word' id='word_1_415' title='bbox 376 5292 602 5347; x_wconf 75' lang='lat' dir='ltr'><strong>Carolus</strong></span> <span class='ocrx_word' id='word_1_416' title='bbox 632 5307 661 5344; x_wconf 91' lang='lat' dir='ltr'><strong>a</strong></span> <span class='ocrx_word' id='word_1_417' title='bbox 699 5292 758 5346; x_wconf 88' lang='lat' dir='ltr'><strong>S.</strong></span> <span class='ocrx_word' id='word_1_418' title='bbox 791 5289 959 5345; x_wconf 87' lang='lat' dir='ltr'><strong>Paulo</strong></span> <span class='ocrx_word' id='word_1_419' title='bbox 991 5291 1178 5344; x_wconf 89' lang='lat' dir='ltr'><strong>vitium</strong></span> <span class='ocrx_word' id='word_1_420' title='bbox 1211 5289 1280 5343; x_wconf 89' lang='lat' dir='ltr'><strong>ibi</strong></span> <span class='ocrx_word' id='word_1_421' title='bbox 1330 5292 1658 5358; x_wconf 82' lang='lat' dir='ltr'><strong>suspicatur,</strong></span> <span class='ocrx_word' id='word_1_422' title='bbox 1685 5296 1847 5355; x_wconf 88' lang='lat' dir='ltr'><strong>atque</strong></span> <span class='ocrx_word' id='word_1_423' title='bbox 1884 5302 1953 5342; x_wconf 81' lang='lat' dir='ltr'><strong>ex</strong></span> 
     </span>
    </p>
   </div>
   <div class='ocr_carea' id='block_1_61' title="bbox 376 5373 1954 5443">
    <p class='ocr_par' dir='ltr' id='par_1_61' title="bbox 376 5373 1954 5443">
     <span class='ocr_line' id='line_1_61' title="bbox 376 5373 1954 5443; baseline -0.001 -15"><span class='ocrx_word' id='word_1_424' title='bbox 376 5375 561 5428; x_wconf 74' lang='grc' dir='ltr'>Οιιὶςὶιι</span> <span class='ocrx_word' id='word_1_425' title='bbox 612 5375 783 5440; x_wconf 86' lang='lat' dir='ltr'><strong>prima</strong></span> <span class='ocrx_word' id='word_1_426' title='bbox 821 5388 938 5428; x_wconf 90' lang='lat' dir='ltr'><strong>eam</strong></span> <span class='ocrx_word' id='word_1_427' title='bbox 985 5375 1127 5429; x_wconf 88' lang='lat' dir='ltr'><strong>inter</strong></span> <span class='ocrx_word' id='word_1_428' title='bbox 1183 5375 1393 5431; x_wconf 86' lang='lat' dir='ltr'><strong>Isauros</strong></span> <span class='ocrx_word' id='word_1_429' title='bbox 1425 5374 1706 5443; x_wconf 83' lang='lat' dir='ltr'><strong>migrasse,</strong></span> <span class='ocrx_word' id='word_1_430' title='bbox 1766 5373 1819 5427; x_wconf 94' lang='lat' dir='ltr'><strong>id</strong></span> <span class='ocrx_word' id='word_1_431' title='bbox 1854 5374 1954 5427; x_wconf 80' lang='lat' dir='ltr'><strong>hac</strong></span> 
     </span>
    </p>
   </div>
   <div class='ocr_carea' id='block_1_62' title="bbox 380 5456 1039 5526">
    <p class='ocr_par' dir='ltr' id='par_1_62' title="bbox 380 5456 1039 5526">
     <span class='ocr_line' id='line_1_62' title="bbox 380 5456 1039 5526; baseline 0.002 -15"><span class='ocrx_word' id='word_1_432' title='bbox 380 5457 587 5511; x_wconf 82' lang='lat' dir='ltr'><strong>Natitia</strong></span> <span class='ocrx_word' id='word_1_433' title='bbox 622 5457 740 5510; x_wconf 79' lang='lat' dir='ltr'><strong>falsi</strong></span> <span class='ocrx_word' id='word_1_434' title='bbox 775 5456 1039 5526; x_wconf 74' lang='lat' dir='ltr'><strong>arguitur.</strong></span> 
     </span>
    </p>
   </div>
   <div class='ocr_carea' id='block_1_63' title="bbox 451 5544 1953 5625">
    <p class='ocr_par' dir='ltr' id='par_1_63' title="bbox 451 5544 1953 5625">
     <span class='ocr_line' id='line_1_63' title="bbox 451 5544 1953 5625; baseline 0.003 -20"><span class='ocrx_word' id='word_1_435' title='bbox 451 5552 585 5605; x_wconf 90' lang='lat' dir='ltr'><strong>Ibid.</strong></span> <span class='ocrx_word' id='word_1_436' title='bbox 620 5544 887 5621; x_wconf 74' lang='grc' dir='ltr'>Κέστροι.</span> <span class='ocrx_word' id='word_1_437' title='bbox 925 5553 1256 5623; x_wconf 82' lang='lat' dir='ltr'><strong>Epiphanius</strong></span> <span class='ocrx_word' id='word_1_438' title='bbox 1282 5556 1485 5617; x_wconf 81' lang='grc' dir='ltr'>πόλεως</span> <span class='ocrx_word' id='word_1_439' title='bbox 1511 5555 1771 5625; x_wconf 77' lang='grc' dir='ltr'>Κέστρων</span> <span class='ocrx_word' id='word_1_440' title='bbox 1797 5563 1879 5609; x_wconf 90' lang='lat' dir='ltr'><strong>cst</strong></span> <span class='ocrx_word' id='word_1_441' title='bbox 1902 5556 1953 5609; x_wconf 94' lang='lat' dir='ltr'><strong>in</strong></span> 
     </span>
    </p>
   </div>
   <div class='ocr_carea' id='block_1_64' title="bbox 378 5634 1956 5707">
    <p class='ocr_par' dir='ltr' id='par_1_64' title="bbox 378 5634 1956 5707">
     <span class='ocr_line' id='line_1_64' title="bbox 378 5634 1956 5707; baseline 0.007 -18"><span class='ocrx_word' id='word_1_442' title='bbox 378 5634 707 5689; x_wconf 84' lang='lat' dir='ltr'><strong>Chalcedon.</strong></span> <span class='ocrx_word' id='word_1_443' title='bbox 738 5652 787 5705; x_wconf 74' lang='grc' dir='ltr'>ι).</span> <span class='ocrx_word' id='word_1_444' title='bbox 822 5636 947 5698; x_wconf 81' lang='grc'>659,</span> <span class='ocrx_word' id='word_1_445' title='bbox 978 5636 1067 5705; x_wconf 86' lang='lat' dir='ltr'><strong>qui</strong></span> <span class='ocrx_word' id='word_1_446' title='bbox 1099 5637 1333 5706; x_wconf 82' lang='lat' dir='ltr'><strong>pessime</strong></span> <span class='ocrx_word' id='word_1_447' title='bbox 1364 5653 1415 5707; x_wconf 92' lang='lat' dir='ltr'><strong>p.</strong></span> <span class='ocrx_word' id='word_1_448' title='bbox 1438 5638 1543 5693; x_wconf 77' lang='grc'><strong>575</strong></span> <span class='ocrx_word' id='word_1_449' title='bbox 1569 5638 1828 5705; x_wconf 82' lang='grc' dir='ltr'>Κὲστρων</span> <span class='ocrx_word' id='word_1_450' title='bbox 1858 5637 1956 5705; x_wconf 79' lang='grc' dir='ltr'><strong>τῆς</strong></span> 
     </span>
    </p>
   </div>
   <div class='ocr_carea' id='block_1_65' title="bbox 380 5718 1952 5789">
    <p class='ocr_par' dir='ltr' id='par_1_65' title="bbox 380 5718 1952 5789">
     <span class='ocr_line' id='line_1_65' title="bbox 380 5718 1952 5789; baseline 0.002 -19"><span class='ocrx_word' id='word_1_451' title='bbox 380 5718 608 5788; x_wconf 67' lang='grc' dir='ltr'>Συρίας,</span> <span class='ocrx_word' id='word_1_452' title='bbox 647 5735 742 5787; x_wconf 91' lang='lat' dir='ltr'><strong>pro</strong></span> <span class='ocrx_word' id='word_1_453' title='bbox 790 5718 1086 5789; x_wconf 76' lang='grc' dir='ltr'>Ἰσαυρξας,</span> <span class='ocrx_word' id='word_1_454' title='bbox 1142 5720 1421 5774; x_wconf 85' lang='lat' dir='ltr'><strong>scribitur.</strong></span> <span class='ocrx_word' id='word_1_455' title='bbox 1470 5721 1760 5775; x_wconf 70' lang='grc' dir='ltr'>Ριοιριιιωο</span> <span class='ocrx_word' id='word_1_456' title='bbox 1808 5720 1952 5774; x_wconf 58' lang='lat' dir='ltr'><strong>K16-</strong></span> 
     </span>
    </p>
   </div>
   <div class='ocr_carea' id='block_1_66' title="bbox 1175 309 2717 383">
    <p class='ocr_par' dir='ltr' id='par_1_66' title="bbox 1175 309 2717 383">
     <span class='ocr_line' id='line_1_66' title="bbox 1175 309 2717 383; baseline -0.005 -3"><span class='ocrx_word' id='word_1_457' title='bbox 1175 320 1568 383; x_wconf 82' lang='lat' dir='ltr'><strong>COMMENT.</strong></span> <span class='ocrx_word' id='word_1_458' title='bbox 1604 318 1683 379; x_wconf 79' lang='lat' dir='ltr'><strong>IN</strong></span> <span class='ocrx_word' id='word_1_459' title='bbox 1720 314 2133 378; x_wconf 84' lang='lat' dir='ltr'><strong>HIEROCLIS</strong></span> <span class='ocrx_word' id='word_1_460' title='bbox 2175 309 2717 374; x_wconf 84' lang='lat' dir='ltr'><strong>SYNECDEMUM.</strong></span> 
     </span>
    </p>
   </div>
   <div class='ocr_carea' id='block_1_67' title="bbox 3464 311 3600 376">
    <p class='ocr_par' dir='ltr' id='par_1_67' title="bbox 3464 311 3600 376">
     <span class='ocr_line' id='line_1_67' title="bbox 3464 311 3600 376; baseline 0.015 -2"><span class='ocrx_word' id='word_1_461' title='bbox 3464 311 3600 376; x_wconf 85' lang='lat'><strong>1166</strong></span> 
     </span>
    </p>
   </div>
   <div class='ocr_carea' id='block_1_68' title="bbox 2034 418 3606 492">
    <p class='ocr_par' dir='ltr' id='par_1_68' title="bbox 2034 418 3606 492">
     <span class='ocr_line' id='line_1_68' title="bbox 2034 418 3606 492; baseline 0.004 -17"><span class='ocrx_word' id='word_1_462' title='bbox 2034 438 2214 492; x_wconf 84' lang='grc' dir='ltr'><strong>στρος,</strong></span> <span class='ocrx_word' id='word_1_463' title='bbox 2231 430 2285 477; x_wconf 91' lang='lat' dir='ltr'><strong>et</strong></span> <span class='ocrx_word' id='word_1_464' title='bbox 2308 421 2360 476; x_wconf 91' lang='lat' dir='ltr'><strong>in</strong></span> <span class='ocrx_word' id='word_1_465' title='bbox 2380 420 2625 477; x_wconf 85' lang='lat' dir='ltr'><strong>Palatino</strong></span> <span class='ocrx_word' id='word_1_466' title='bbox 2648 428 2704 476; x_wconf 91' lang='lat' dir='ltr'><strong>et</strong></span> <span class='ocrx_word' id='word_1_467' title='bbox 2726 418 2948 476; x_wconf 89' lang='lat' dir='ltr'><strong>Coisliu.</strong></span> <span class='ocrx_word' id='word_1_468' title='bbox 2967 433 3096 477; x_wconf 80' lang='lat' dir='ltr'><strong>mss.</strong></span> <span class='ocrx_word' id='word_1_469' title='bbox 3130 421 3435 492; x_wconf 78' lang='grc' dir='ltr'>Καΰστρος,</span> <span class='ocrx_word' id='word_1_470' title='bbox 3465 427 3606 481; x_wconf 84' lang='lat' dir='ltr'><strong>unde</strong></span> 
     </span>
    </p>
   </div>
   <div class='ocr_carea' id='block_1_69' title="bbox 2032 502 3543 576">
    <p class='ocr_par' dir='ltr' id='par_1_69' title="bbox 2032 502 3543 576">
     <span class='ocr_line' id='line_1_69' title="bbox 2032 502 3543 576; baseline 0.003 -20"><span class='ocrx_word' id='word_1_471' title='bbox 2032 504 2274 576; x_wconf 81' lang='grc' dir='ltr'>Κέστρος</span> <span class='ocrx_word' id='word_1_472' title='bbox 2303 502 2524 558; x_wconf 71' lang='lat' dir='ltr'><strong>formari</strong></span> <span class='ocrx_word' id='word_1_473' title='bbox 2549 511 2780 573; x_wconf 91' lang='lat' dir='ltr'><strong>oportet.</strong></span> <span class='ocrx_word' id='word_1_474' title='bbox 3537 562 3543 568; x_wconf 74' lang='grc'><strong>,</strong></span> 
     </span>
    </p>
   </div>
   <div class='ocr_carea' id='block_1_70' title="bbox 2103 584 3607 658">
    <p class='ocr_par' dir='ltr' id='par_1_70' title="bbox 2103 584 3607 658">
     <span class='ocr_line' id='line_1_70' title="bbox 2103 584 3607 658; baseline 0.006 -19"><span class='ocrx_word' id='word_1_475' title='bbox 2103 585 2235 641; x_wconf 90' lang='lat' dir='ltr'><strong>Ibid.</strong></span> <span class='ocrx_word' id='word_1_476' title='bbox 2271 586 2578 651; x_wconf 75' lang='grc' dir='ltr'><strong>Σελινοῦς.</strong></span> <span class='ocrx_word' id='word_1_477' title='bbox 2610 584 3014 656; x_wconf 83' lang='lat' dir='ltr'><strong>Trajanopolin,</strong></span> <span class='ocrx_word' id='word_1_478' title='bbox 3055 590 3196 657; x_wconf 89' lang='lat' dir='ltr'><strong>quod</strong></span> <span class='ocrx_word' id='word_1_479' title='bbox 3228 587 3493 658; x_wconf 78' lang='lat' dir='ltr'><strong>Trajanus</strong></span> <span class='ocrx_word' id='word_1_480' title='bbox 3528 592 3607 649; x_wconf 85' lang='lat' dir='ltr'><strong>ibi</strong></span> 
     </span>
    </p>
   </div>
   <div class='ocr_carea' id='block_1_71' title="bbox 2034 670 3607 743">
    <p class='ocr_par' dir='ltr' id='par_1_71' title="bbox 2034 670 3607 743">
     <span class='ocr_line' id='line_1_71' title="bbox 2034 670 3607 743; baseline 0.006 -21"><span class='ocrx_word' id='word_1_481' title='bbox 2034 672 2157 725; x_wconf 72' lang='lat' dir='ltr'><strong>vita:</strong></span> <span class='ocrx_word' id='word_1_482' title='bbox 2202 672 2363 726; x_wconf 83' lang='lat' dir='ltr'><strong>linem</strong></span> <span class='ocrx_word' id='word_1_483' title='bbox 2414 670 2736 735; x_wconf 87' lang='lat' dir='ltr'><strong>habuisset,</strong></span> <span class='ocrx_word' id='word_1_484' title='bbox 2786 671 2987 725; x_wconf 85' lang='lat' dir='ltr'><strong>dictam</strong></span> <span class='ocrx_word' id='word_1_485' title='bbox 3038 670 3203 731; x_wconf 82' lang='lat' dir='ltr'><strong>fuisse</strong></span> <span class='ocrx_word' id='word_1_486' title='bbox 3248 688 3313 726; x_wconf 84' lang='lat' dir='ltr'><strong>cx</strong></span> <span class='ocrx_word' id='word_1_487' title='bbox 3376 674 3607 743; x_wconf 90' lang='lat' dir='ltr'><strong>Ulpiauo</strong></span> 
     </span>
    </p>
   </div>
   <div class='ocr_carea' id='block_1_72' title="bbox 2034 752 3608 824">
    <p class='ocr_par' dir='ltr' id='par_1_72' title="bbox 2034 752 3608 824">
     <span class='ocr_line' id='line_1_72' title="bbox 2034 752 3608 824; baseline 0.004 -19"><span class='ocrx_word' id='word_1_488' title='bbox 2034 752 2415 824; x_wconf 82' lang='lat' dir='ltr'><strong>Xiphilinoque</strong></span> <span class='ocrx_word' id='word_1_489' title='bbox 2443 754 2929 822; x_wconf 87' lang='lat' dir='ltr'><strong>compertissimum</strong></span> <span class='ocrx_word' id='word_1_490' title='bbox 2964 754 3246 812; x_wconf 86' lang='lat' dir='ltr'><strong>habemus.</strong></span> <span class='ocrx_word' id='word_1_491' title='bbox 3272 755 3452 813; x_wconf 84' lang='lat' dir='ltr'><strong>Rediit</strong></span> <span class='ocrx_word' id='word_1_492' title='bbox 3482 759 3608 814; x_wconf 87' lang='lat' dir='ltr'><strong>dein</strong></span> 
     </span>
    </p>
   </div>
   <div class='ocr_carea' id='block_1_73' title="bbox 2034 834 3612 910">
    <p class='ocr_par' dir='ltr' id='par_1_73' title="bbox 2034 834 3612 910">
     <span class='ocr_line' id='line_1_73' title="bbox 2034 834 3612 910; baseline 0.006 -22"><span class='ocrx_word' id='word_1_493' title='bbox 2034 834 2319 904; x_wconf 91' lang='lat' dir='ltr'><strong>pristinum</strong></span> <span class='ocrx_word' id='word_1_494' title='bbox 2344 835 2466 891; x_wconf 91' lang='lat' dir='ltr'><strong>urbi</strong></span> <span class='ocrx_word' id='word_1_495' title='bbox 2501 849 2719 904; x_wconf 89' lang='lat' dir='ltr'><strong>nomen,</strong></span> <span class='ocrx_word' id='word_1_496' title='bbox 2746 835 2900 905; x_wconf 87' lang='lat' dir='ltr'><strong>cujus</strong></span> <span class='ocrx_word' id='word_1_497' title='bbox 2925 838 3089 893; x_wconf 80' lang='lat' dir='ltr'><strong>situm</strong></span> <span class='ocrx_word' id='word_1_498' title='bbox 3116 839 3330 910; x_wconf 82' lang='lat' dir='ltr'><strong>egregie</strong></span> <span class='ocrx_word' id='word_1_499' title='bbox 3350 840 3612 897; x_wconf 85' lang='lat' dir='ltr'><strong>describit</strong></span> 
     </span>
    </p>
   </div>
   <div class='ocr_carea' id='block_1_74' title="bbox 2035 917 3609 990">
    <p class='ocr_par' dir='ltr' id='par_1_74' title="bbox 2035 917 3609 990">
     <span class='ocr_line' id='line_1_74' title="bbox 2035 917 3609 990; baseline 0.007 -19"><span class='ocrx_word' id='word_1_500' title='bbox 2035 918 2265 974; x_wconf 86' lang='lat' dir='ltr'><strong>Basilius</strong></span> <span class='ocrx_word' id='word_1_501' title='bbox 2318 917 2686 976; x_wconf 86' lang='lat' dir='ltr'><strong>Seleuciensis</strong></span> <span class='ocrx_word' id='word_1_502' title='bbox 2734 919 2926 975; x_wconf 83' lang='lat' dir='ltr'><strong>Mirac.</strong></span> <span class='ocrx_word' id='word_1_503' title='bbox 2981 922 3045 977; x_wconf 86' lang='lat' dir='ltr'><strong>S.</strong></span> <span class='ocrx_word' id='word_1_504' title='bbox 3105 921 3329 990; x_wconf 72' lang='lat' dir='ltr'><strong>Theclw,</strong></span> <span class='ocrx_word' id='word_1_505' title='bbox 3386 940 3445 988; x_wconf 87' lang='grc' dir='ltr'>ιι,</span> <span class='ocrx_word' id='word_1_506' title='bbox 3500 926 3609 983; x_wconf 85' lang='lat' dir='ltr'><strong>II:</strong></span> 
     </span>
    </p>
   </div>
   <div class='ocr_carea' id='block_1_75' title="bbox 2036 1000 3613 1078">
    <p class='ocr_par' dir='ltr' id='par_1_75' title="bbox 2036 1000 3613 1078">
     <span class='ocr_line' id='line_1_75' title="bbox 2036 1000 3613 1078; baseline 0.006 -28"><span class='ocrx_word' id='word_1_507' title='bbox 2036 1000 2285 1064; x_wconf 81' lang='grc' dir='ltr'><strong>Σελινοῦς</strong></span> <span class='ocrx_word' id='word_1_508' title='bbox 2314 1003 2429 1054; x_wconf 68' lang='grc' dir='ltr'>ἐστι</span> <span class='ocrx_word' id='word_1_509' title='bbox 2456 1001 2611 1064; x_wconf 82' lang='grc' dir='ltr'>πόλις</span> <span class='ocrx_word' id='word_1_510' title='bbox 2645 1003 2817 1075; x_wconf 75' lang='grc' dir='ltr'>μικρὰ</span> <span class='ocrx_word' id='word_1_511' title='bbox 2856 1004 2954 1074; x_wconf 83' lang='grc' dir='ltr'><strong>μὲν</strong></span> <span class='ocrx_word' id='word_1_512' title='bbox 2988 1006 3082 1058; x_wconf 80' lang='grc' dir='ltr'>καὶ</span> <span class='ocrx_word' id='word_1_513' title='bbox 3115 1006 3335 1073; x_wconf 78' lang='grc' dir='ltr'>ἑφάλιος</span> <span class='ocrx_word' id='word_1_514' title='bbox 3378 1009 3613 1078; x_wconf 76' lang='grc' dir='ltr'>μεγίστη</span> 
     </span>
    </p>
   </div>
   <div class='ocr_carea' id='block_1_76' title="bbox 2037 1083 3614 1159">
    <p class='ocr_par' dir='ltr' id='par_1_76' title="bbox 2037 1083 3614 1159">
     <span class='ocr_line' id='line_1_76' title="bbox 2037 1083 3614 1159; baseline 0.006 -25"><span class='ocrx_word' id='word_1_515' title='bbox 2037 1083 2168 1135; x_wconf 85' lang='grc' dir='ltr'>ποτὲ</span> <span class='ocrx_word' id='word_1_516' title='bbox 2183 1084 2278 1138; x_wconf 74' lang='grc' dir='ltr'><strong>καὶ</strong></span> <span class='ocrx_word' id='word_1_517' title='bbox 2299 1084 2692 1154; x_wconf 78' lang='grc' dir='ltr'>εὑδαιμονοῦσα</span> <span class='ocrx_word' id='word_1_518' title='bbox 2720 1086 2780 1138; x_wconf 83' lang='grc' dir='ltr'>τὸ</span> <span class='ocrx_word' id='word_1_519' title='bbox 2801 1087 2929 1156; x_wconf 76' lang='grc' dir='ltr'>πρὶν</span> <span class='ocrx_word' id='word_1_520' title='bbox 2950 1088 3037 1140; x_wconf 78' lang='grc' dir='ltr'><strong>ἐπ’</strong></span> <span class='ocrx_word' id='word_1_521' title='bbox 3061 1089 3306 1158; x_wconf 76' lang='grc' dir='ltr'><strong>εἰρήνης,</strong></span> <span class='ocrx_word' id='word_1_522' title='bbox 3322 1090 3614 1159; x_wconf 75' lang='grc' dir='ltr'>ἐπίφθονος</span> 
     </span>
    </p>
   </div>
   <div class='ocr_carea' id='block_1_77' title="bbox 2037 1162 3616 1239">
    <p class='ocr_par' dir='ltr' id='par_1_77' title="bbox 2037 1162 3616 1239">
     <span class='ocr_line' id='line_1_77' title="bbox 2037 1162 3616 1239; baseline 0.008 -23"><span class='ocrx_word' id='word_1_523' title='bbox 2037 1162 2094 1216; x_wconf 82' lang='grc' dir='ltr'><strong>δὲ</strong></span> <span class='ocrx_word' id='word_1_524' title='bbox 2125 1165 2219 1217; x_wconf 70' lang='grc' dir='ltr'><strong>καὶ</strong></span> <span class='ocrx_word' id='word_1_525' title='bbox 2247 1166 2369 1219; x_wconf 86' lang='grc' dir='ltr'>τότε</span> <span class='ocrx_word' id='word_1_526' title='bbox 2396 1168 2488 1219; x_wconf 71' lang='grc' dir='ltr'><strong>καὶ</strong></span> <span class='ocrx_word' id='word_1_527' title='bbox 2509 1166 2604 1219; x_wconf 89' lang='grc' dir='ltr'><strong>νῦν</strong></span> <span class='ocrx_word' id='word_1_528' title='bbox 2631 1167 2766 1220; x_wconf 74' lang='grc' dir='ltr'>οὖσα</span> <span class='ocrx_word' id='word_1_529' title='bbox 2786 1170 2897 1231; x_wconf 81' lang='grc' dir='ltr'>τοῖς</span> <span class='ocrx_word' id='word_1_530' title='bbox 2928 1169 3230 1239; x_wconf 80' lang='grc' dir='ltr'>πολεμίοις.</span> <span class='ocrx_word' id='word_1_531' title='bbox 3263 1172 3489 1227; x_wconf 85' lang='lat' dir='ltr'><strong>Parvatu</strong></span> <span class='ocrx_word' id='word_1_532' title='bbox 3513 1188 3616 1228; x_wconf 83' lang='lat' dir='ltr'><strong>suo</strong></span> 
     </span>
    </p>
   </div>
   <div class='ocr_carea' id='block_1_78' title="bbox 2040 1246 3615 1318">
    <p class='ocr_par' dir='ltr' id='par_1_78' title="bbox 2040 1246 3615 1318">
     <span class='ocr_line' id='line_1_78' title="bbox 2040 1246 3615 1318; baseline 0.009 -20"><span class='ocrx_word' id='word_1_533' title='bbox 2040 1252 2283 1316; x_wconf 89' lang='lat' dir='ltr'><strong>tempore</strong></span> <span class='ocrx_word' id='word_1_534' title='bbox 2316 1246 2393 1299; x_wconf 87' lang='lat' dir='ltr'><strong>ait</strong></span> <span class='ocrx_word' id='word_1_535' title='bbox 2441 1249 2629 1303; x_wconf 88' lang='lat' dir='ltr'><strong>urbem</strong></span> <span class='ocrx_word' id='word_1_536' title='bbox 2661 1261 2782 1304; x_wconf 88' lang='lat' dir='ltr'><strong>esse</strong></span> <span class='ocrx_word' id='word_1_537' title='bbox 2829 1258 2885 1304; x_wconf 91' lang='lat' dir='ltr'><strong>et</strong></span> <span class='ocrx_word' id='word_1_538' title='bbox 2917 1253 3268 1318; x_wconf 88' lang='lat' dir='ltr'><strong>maritimam,</strong></span> <span class='ocrx_word' id='word_1_539' title='bbox 3314 1256 3442 1309; x_wconf 90' lang='lat' dir='ltr'><strong>olim</strong></span> <span class='ocrx_word' id='word_1_540' title='bbox 3489 1271 3615 1311; x_wconf 91' lang='lat' dir='ltr'><strong>cum</strong></span> 
     </span>
    </p>
   </div>
   <div class='ocr_carea' id='block_1_79' title="bbox 2040 1331 3616 1404">
    <p class='ocr_par' dir='ltr' id='par_1_79' title="bbox 2040 1331 3616 1404">
     <span class='ocr_line' id='line_1_79' title="bbox 2040 1331 3616 1404; baseline 0.009 -24"><span class='ocrx_word' id='word_1_541' title='bbox 2040 1341 2141 1397; x_wconf 84' lang='lat' dir='ltr'><strong>pax</strong></span> <span class='ocrx_word' id='word_1_542' title='bbox 2166 1339 2331 1393; x_wconf 90' lang='lat' dir='ltr'><strong>esset,</strong></span> <span class='ocrx_word' id='word_1_543' title='bbox 2363 1345 2611 1399; x_wconf 87' lang='lat' dir='ltr'><strong>magnam</strong></span> <span class='ocrx_word' id='word_1_544' title='bbox 2642 1338 2697 1385; x_wconf 90' lang='lat' dir='ltr'><strong>et</strong></span> <span class='ocrx_word' id='word_1_545' title='bbox 2733 1331 2941 1386; x_wconf 82' lang='lat' dir='ltr'><strong>felicem</strong></span> <span class='ocrx_word' id='word_1_546' title='bbox 2974 1343 3030 1387; x_wconf 89' lang='lat' dir='ltr'><strong>ct</strong></span> <span class='ocrx_word' id='word_1_547' title='bbox 3060 1345 3340 1404; x_wconf 86' lang='lat' dir='ltr'><strong>propterea</strong></span> <span class='ocrx_word' id='word_1_548' title='bbox 3374 1338 3616 1393; x_wconf 87' lang='lat' dir='ltr'><strong>hostium</strong></span> 
     </span>
    </p>
   </div>
   <div class='ocr_carea' id='block_1_80' title="bbox 2039 1410 3617 1491">
    <p class='ocr_par' dir='ltr' id='par_1_80' title="bbox 2039 1410 3617 1491">
     <span class='ocr_line' id='line_1_80' title="bbox 2039 1410 3617 1491; baseline 0.008 -27"><span class='ocrx_word' id='word_1_549' title='bbox 2039 1410 2257 1466; x_wconf 66' lang='lat' dir='ltr'><strong>invidiae</strong></span> <span class='ocrx_word' id='word_1_550' title='bbox 2304 1413 2633 1480; x_wconf 73' lang='lat' dir='ltr'><strong>expOsitam.</strong></span> <span class='ocrx_word' id='word_1_551' title='bbox 2666 1415 2906 1486; x_wconf 82' lang='grc' dir='ltr'>Ταύτην,</span> <span class='ocrx_word' id='word_1_552' title='bbox 2950 1419 3156 1487; x_wconf 89' lang='lat' dir='ltr'><strong>pergit,</strong></span> <span class='ocrx_word' id='word_1_553' title='bbox 3191 1421 3480 1491; x_wconf 84' lang='grc' dir='ltr'>τοιγαροῦν</span> <span class='ocrx_word' id='word_1_554' title='bbox 3517 1425 3617 1476; x_wconf 72' lang='grc' dir='ltr'><strong>καὶ</strong></span> 
     </span>
    </p>
   </div>
   <div class='ocr_carea' id='block_1_81' title="bbox 2040 1491 3614 1577">
    <p class='ocr_par' dir='ltr' id='par_1_81' title="bbox 2040 1491 3614 1577">
     <span class='ocr_line' id='line_1_81' title="bbox 2040 1491 3614 1577; baseline 0.008 -31"><span class='ocrx_word' id='word_1_555' title='bbox 2040 1491 2277 1577; x_wconf 69' lang='grc' dir='ltr'>θᾲλαττα</span> <span class='ocrx_word' id='word_1_556' title='bbox 2308 1493 2407 1563; x_wconf 82' lang='grc' dir='ltr'><strong>μὲν</strong></span> <span class='ocrx_word' id='word_1_557' title='bbox 2432 1494 2801 1559; x_wconf 77' lang='grc' dir='ltr'>ὑποζώννυσιν</span> <span class='ocrx_word' id='word_1_558' title='bbox 2837 1496 3026 1568; x_wconf 82' lang='grc' dir='ltr'>ὥσπερ</span> <span class='ocrx_word' id='word_1_559' title='bbox 3052 1518 3136 1564; x_wconf 90' lang='grc' dir='ltr'><strong>τις</strong></span> <span class='ocrx_word' id='word_1_560' title='bbox 3172 1503 3614 1577; x_wconf 79' lang='grc' dir='ltr'>περιεληλαμένη</span> 
     </span>
    </p>
   </div>
   <div class='ocr_carea' id='block_1_82' title="bbox 2040 1574 3620 1658">
    <p class='ocr_par' dir='ltr' id='par_1_82' title="bbox 2040 1574 3620 1658">
     <span class='ocr_line' id='line_1_82' title="bbox 2040 1574 3620 1658; baseline 0.01 -32"><span class='ocrx_word' id='word_1_561' title='bbox 2040 1574 2245 1658; x_wconf 80' lang='grc' dir='ltr'>τάφρος</span> <span class='ocrx_word' id='word_1_562' title='bbox 2302 1577 2735 1648; x_wconf 84' lang='grc' dir='ltr'>ἀχειροποίητος,</span> <span class='ocrx_word' id='word_1_563' title='bbox 2770 1579 2864 1632; x_wconf 74' lang='grc' dir='ltr'>καὶ</span> <span class='ocrx_word' id='word_1_564' title='bbox 2919 1582 3162 1651; x_wconf 74' lang='grc' dir='ltr'>κρημνὸς</span> <span class='ocrx_word' id='word_1_565' title='bbox 3208 1584 3266 1636; x_wconf 81' lang='grc' dir='ltr'><strong>δὲ</strong></span> <span class='ocrx_word' id='word_1_566' title='bbox 3315 1574 3620 1658; x_wconf 55' lang='grc' dir='ltr'>ὑπερανεσξ</span> 
     </span>
    </p>
   </div>
   <div class='ocr_carea' id='block_1_83' title="bbox 2039 1656 3619 1734">
    <p class='ocr_par' dir='ltr' id='par_1_83' title="bbox 2039 1656 3619 1734">
     <span class='ocr_line' id='line_1_83' title="bbox 2039 1656 3619 1734; baseline 0.009 -26"><span class='ocrx_word' id='word_1_567' title='bbox 2039 1656 2242 1726; x_wconf 79' lang='grc' dir='ltr'>τηκὼς,</span> <span class='ocrx_word' id='word_1_568' title='bbox 2274 1658 2523 1729; x_wconf 80' lang='grc' dir='ltr'>καθάπερ</span> <span class='ocrx_word' id='word_1_569' title='bbox 2539 1675 2591 1710; x_wconf 88' lang='grc' dir='ltr'><strong>τι</strong></span> <span class='ocrx_word' id='word_1_570' title='bbox 2625 1660 2822 1730; x_wconf 80' lang='grc' dir='ltr'>κράνος</span> <span class='ocrx_word' id='word_1_571' title='bbox 2853 1662 3111 1733; x_wconf 82' lang='grc' dir='ltr'>κεφαλὴν,</span> <span class='ocrx_word' id='word_1_572' title='bbox 3143 1665 3400 1733; x_wconf 81' lang='grc' dir='ltr'>φυλάττει</span> <span class='ocrx_word' id='word_1_573' title='bbox 3428 1656 3486 1721; x_wconf 85' lang='grc' dir='ltr'>τε</span> <span class='ocrx_word' id='word_1_574' title='bbox 3520 1680 3619 1734; x_wconf 69' lang='grc' dir='ltr'><strong>καὶ</strong></span> 
     </span>
    </p>
   </div>
   <div class='ocr_carea' id='block_1_84' title="bbox 2039 1741 3615 1817">
    <p class='ocr_par' dir='ltr' id='par_1_84' title="bbox 2039 1741 3615 1817">
     <span class='ocr_line' id='line_1_84' title="bbox 2039 1741 3615 1817; baseline 0.009 -25"><span class='ocrx_word' id='word_1_575' title='bbox 2039 1741 2100 1792; x_wconf 81' lang='grc' dir='ltr'>οὐ</span> <span class='ocrx_word' id='word_1_576' title='bbox 2144 1743 2291 1794; x_wconf 83' lang='grc' dir='ltr'>ποιεῖ</span> <span class='ocrx_word' id='word_1_577' title='bbox 2334 1741 2616 1813; x_wconf 83' lang='grc' dir='ltr'>πολεμίοις</span> <span class='ocrx_word' id='word_1_578' title='bbox 2669 1743 2987 1816; x_wconf 75' lang='grc' dir='ltr'>ἐπίδρομον.</span> <span class='ocrx_word' id='word_1_579' title='bbox 3044 1745 3227 1817; x_wconf 85' lang='lat' dir='ltr'><strong>Itaque</strong></span> <span class='ocrx_word' id='word_1_580' title='bbox 3272 1765 3392 1804; x_wconf 85' lang='lat' dir='ltr'><strong>eum</strong></span> <span class='ocrx_word' id='word_1_581' title='bbox 3453 1755 3615 1817; x_wconf 85' lang='lat' dir='ltr'><strong>mari,</strong></span> 
     </span>
    </p>
   </div>
   <div class='ocr_carea' id='block_1_85' title="bbox 2040 1826 3618 1902">
    <p class='ocr_par' dir='ltr' id='par_1_85' title="bbox 2040 1826 3618 1902">
     <span class='ocr_line' id='line_1_85' title="bbox 2040 1826 3618 1902; baseline 0.01 -25"><span class='ocrx_word' id='word_1_582' title='bbox 2040 1832 2300 1893; x_wconf 88' lang='lat' dir='ltr'><strong>tanquam</strong></span> <span class='ocrx_word' id='word_1_583' title='bbox 2352 1839 2383 1879; x_wconf 91' lang='lat' dir='ltr'><strong>a</strong></span> <span class='ocrx_word' id='word_1_584' title='bbox 2430 1834 2624 1881; x_wconf 84' lang='lat' dir='ltr'><strong>natura</strong></span> <span class='ocrx_word' id='word_1_585' title='bbox 2660 1826 2800 1882; x_wconf 78' lang='lat' dir='ltr'><strong>facta</strong></span> <span class='ocrx_word' id='word_1_586' title='bbox 2840 1828 3010 1896; x_wconf 81' lang='lat' dir='ltr'><strong>fossa,</strong></span> <span class='ocrx_word' id='word_1_587' title='bbox 3047 1830 3208 1885; x_wconf 85' lang='lat' dir='ltr'><strong>fuerit</strong></span> <span class='ocrx_word' id='word_1_588' title='bbox 3241 1834 3514 1902; x_wconf 84' lang='lat' dir='ltr'><strong>incincta,</strong></span> <span class='ocrx_word' id='word_1_589' title='bbox 3561 1847 3618 1892; x_wconf 91' lang='lat' dir='ltr'><strong>et</strong></span> 
     </span>
    </p>
   </div>
   <div class='ocr_carea' id='block_1_86' title="bbox 2039 1913 3615 1984">
    <p class='ocr_par' dir='ltr' id='par_1_86' title="bbox 2039 1913 3615 1984">
     <span class='ocr_line' id='line_1_86' title="bbox 2039 1913 3615 1984; baseline 0.006 -23"><span class='ocrx_word' id='word_1_590' title='bbox 2039 1916 2312 1976; x_wconf 67' lang='lat' dir='ltr'><strong>praerupta</strong></span> <span class='ocrx_word' id='word_1_591' title='bbox 2352 1923 2517 1977; x_wconf 85' lang='lat' dir='ltr'><strong>rupes</strong></span> <span class='ocrx_word' id='word_1_592' title='bbox 2564 1922 2706 1975; x_wconf 90' lang='lat' dir='ltr'><strong>eam,</strong></span> <span class='ocrx_word' id='word_1_593' title='bbox 2739 1920 2803 1964; x_wconf 88' lang='lat' dir='ltr'><strong>ut</strong></span> <span class='ocrx_word' id='word_1_594' title='bbox 2850 1920 3012 1981; x_wconf 89' lang='lat' dir='ltr'><strong>caput</strong></span> <span class='ocrx_word' id='word_1_595' title='bbox 3059 1913 3234 1981; x_wconf 85' lang='lat' dir='ltr'><strong>galea,</strong></span> <span class='ocrx_word' id='word_1_596' title='bbox 3288 1915 3615 1984; x_wconf 82' lang='lat' dir='ltr'><strong>defenderit,</strong></span> 
     </span>
    </p>
   </div>
   <div class='ocr_carea' id='block_1_87' title="bbox 2041 1991 3619 2059">
    <p class='ocr_par' dir='ltr' id='par_1_87' title="bbox 2041 1991 3619 2059">
     <span class='ocr_line' id='line_1_87' title="bbox 2041 1991 3619 2059; baseline 0.01 -17"><span class='ocrx_word' id='word_1_597' title='bbox 2041 1999 2265 2059; x_wconf 87' lang='lat' dir='ltr'><strong>apparet</strong></span> <span class='ocrx_word' id='word_1_598' title='bbox 2294 1991 2665 2048; x_wconf 90' lang='lat' dir='ltr'><strong>munitissimo</strong></span> <span class='ocrx_word' id='word_1_599' title='bbox 2719 1992 2890 2050; x_wconf 84' lang='lat' dir='ltr'><strong>fuisse</strong></span> <span class='ocrx_word' id='word_1_600' title='bbox 2938 1995 3077 2051; x_wconf 90' lang='lat' dir='ltr'><strong>loco.</strong></span> <span class='ocrx_word' id='word_1_601' title='bbox 3133 1996 3267 2053; x_wconf 85' lang='lat' dir='ltr'><strong>Vide</strong></span> <span class='ocrx_word' id='word_1_602' title='bbox 3295 1998 3460 2054; x_wconf 89' lang='lat' dir='ltr'><strong>Corn.</strong></span> <span class='ocrx_word' id='word_1_603' title='bbox 3512 2017 3619 2058; x_wconf 86' lang='lat' dir='ltr'><strong>van</strong></span> 
     </span>
    </p>
   </div>
   <div class='ocr_carea' id='block_1_88' title="bbox 2040 2071 2980 2142">
    <p class='ocr_par' dir='ltr' id='par_1_88' title="bbox 2040 2071 2980 2142">
     <span class='ocr_line' id='line_1_88' title="bbox 2040 2071 2980 2142; baseline 0.005 -17"><span class='ocrx_word' id='word_1_604' title='bbox 2040 2071 2396 2128; x_wconf 76' lang='lat' dir='ltr'><strong>Binkersltmk</strong></span> <span class='ocrx_word' id='word_1_605' title='bbox 2421 2072 2776 2130; x_wconf 73' lang='lat' dir='ltr'><strong>Obseerur.</strong></span> <span class='ocrx_word' id='word_1_606' title='bbox 2806 2090 2858 2142; x_wconf 90' lang='lat' dir='ltr'><strong>v,</strong></span> <span class='ocrx_word' id='word_1_607' title='bbox 2888 2076 2980 2130; x_wconf 83' lang='lat'><strong>2|.</strong></span> 
     </span>
    </p>
   </div>
   <div class='ocr_carea' id='block_1_89' title="bbox 2111 2155 3618 2233">
    <p class='ocr_par' dir='ltr' id='par_1_89' title="bbox 2111 2155 3618 2233">
     <span class='ocr_line' id='line_1_89' title="bbox 2111 2155 3618 2233; baseline 0.009 -23"><span class='ocrx_word' id='word_1_608' title='bbox 2111 2155 2367 2223; x_wconf 80' lang='grc' dir='ltr'>Ἰοτάπη.</span> <span class='ocrx_word' id='word_1_609' title='bbox 2423 2158 2500 2211; x_wconf 86' lang='lat' dir='ltr'><strong>Ita</strong></span> <span class='ocrx_word' id='word_1_610' title='bbox 2550 2173 2681 2214; x_wconf 86' lang='lat' dir='ltr'><strong>mss.</strong></span> <span class='ocrx_word' id='word_1_611' title='bbox 2735 2157 3026 2214; x_wconf 63' lang='lat' dir='ltr'><strong>Ptolemaeo</strong></span> <span class='ocrx_word' id='word_1_612' title='bbox 3072 2162 3305 2233; x_wconf 84' lang='grc' dir='ltr'><strong>Ἰωτάπη</strong></span> <span class='ocrx_word' id='word_1_613' title='bbox 3364 2172 3421 2220; x_wconf 91' lang='lat' dir='ltr'><strong>et</strong></span> <span class='ocrx_word' id='word_1_614' title='bbox 3452 2166 3618 2223; x_wconf 82' lang='lat' dir='ltr'><strong>Chal-</strong></span> 
     </span>
    </p>
   </div>
   <div class='ocr_carea' id='block_1_90' title="bbox 2040 2238 3619 2309">
    <p class='ocr_par' dir='ltr' id='par_1_90' title="bbox 2040 2238 3619 2309">
     <span class='ocr_line' id='line_1_90' title="bbox 2040 2238 3619 2309; baseline 0.011 -18"><span class='ocrx_word' id='word_1_615' title='bbox 2040 2238 2236 2292; x_wconf 90' lang='lat' dir='ltr'><strong>cedon.</strong></span> <span class='ocrx_word' id='word_1_616' title='bbox 2288 2239 2483 2294; x_wconf 90' lang='lat' dir='ltr'><strong>concil.</strong></span> <span class='ocrx_word' id='word_1_617' title='bbox 2532 2255 2586 2309; x_wconf 92' lang='lat' dir='ltr'><strong>p.</strong></span> <span class='ocrx_word' id='word_1_618' title='bbox 2624 2239 2747 2296; x_wconf 82' lang='lat'><strong>659.</strong></span> <span class='ocrx_word' id='word_1_619' title='bbox 2785 2240 2915 2296; x_wconf 82' lang='lat' dir='ltr'><strong>Vide</strong></span> <span class='ocrx_word' id='word_1_620' title='bbox 2963 2242 3026 2296; x_wconf 96' lang='lat' dir='ltr'><strong>II.</strong></span> <span class='ocrx_word' id='word_1_621' title='bbox 3079 2240 3350 2300; x_wconf 85' lang='lat' dir='ltr'><strong>Norisium</strong></span> <span class='ocrx_word' id='word_1_622' title='bbox 3389 2246 3619 2308; x_wconf 75' lang='lat' dir='ltr'><strong>Dissert.</strong></span> 
     </span>
    </p>
   </div>
   <div class='ocr_carea' id='block_1_91' title="bbox 2044 2319 2710 2392">
    <p class='ocr_par' dir='ltr' id='par_1_91' title="bbox 2044 2319 2710 2392">
     <span class='ocr_line' id='line_1_91' title="bbox 2044 2319 2710 2392; baseline 0.006 -19"><span class='ocrx_word' id='word_1_623' title='bbox 2044 2335 2083 2375; x_wconf 87' lang='grc' dir='ltr'><strong>ιι</strong></span> <span class='ocrx_word' id='word_1_624' title='bbox 2123 2321 2188 2375; x_wconf 91' lang='lat' dir='ltr'><strong>de</strong></span> <span class='ocrx_word' id='word_1_625' title='bbox 2222 2319 2471 2390; x_wconf 71' lang='lat' dir='ltr'><strong>Epocltis,</strong></span> <span class='ocrx_word' id='word_1_626' title='bbox 2503 2339 2554 2392; x_wconf 90' lang='lat' dir='ltr'><strong>p.</strong></span> <span class='ocrx_word' id='word_1_627' title='bbox 2587 2324 2710 2377; x_wconf 79' lang='grc'><strong>155.</strong></span> 
     </span>
    </p>
   </div>
   <div class='ocr_carea' id='block_1_92' title="bbox 2111 2404 3619 2483">
    <p class='ocr_par' dir='ltr' id='par_1_92' title="bbox 2111 2404 3619 2483">
     <span class='ocr_line' id='line_1_92' title="bbox 2111 2404 3619 2483; baseline 0.011 -24"><span class='ocrx_word' id='word_1_628' title='bbox 2111 2404 2247 2461; x_wconf 87' lang='lat' dir='ltr'><strong>Ibid.</strong></span> <span class='ocrx_word' id='word_1_629' title='bbox 2282 2408 2713 2476; x_wconf 81' lang='grc' dir='ltr'>Διοκαισάρεια.</span> <span class='ocrx_word' id='word_1_630' title='bbox 2751 2408 2882 2479; x_wconf 87' lang='lat' dir='ltr'><strong>Ejus</strong></span> <span class='ocrx_word' id='word_1_631' title='bbox 2911 2412 3195 2483; x_wconf 90' lang='lat' dir='ltr'><strong>episcopus</strong></span> <span class='ocrx_word' id='word_1_632' title='bbox 3240 2412 3476 2472; x_wconf 85' lang='lat' dir='ltr'><strong>Joannes</strong></span> <span class='ocrx_word' id='word_1_633' title='bbox 3518 2421 3619 2474; x_wconf 77' lang='grc' dir='ltr'>πό-</span> 
     </span>
    </p>
   </div>
   <div class='ocr_carea' id='block_1_93' title="bbox 2042 2487 3618 2565">
    <p class='ocr_par' dir='ltr' id='par_1_93' title="bbox 2042 2487 3618 2565">
     <span class='ocr_line' id='line_1_93' title="bbox 2042 2487 3618 2565; baseline 0.013 -26"><span class='ocrx_word' id='word_1_634' title='bbox 2042 2487 2178 2551; x_wconf 88' lang='grc' dir='ltr'>λεως</span> <span class='ocrx_word' id='word_1_635' title='bbox 2219 2491 2635 2560; x_wconf 75' lang='grc' dir='ltr'>Διοκαισαρεξας</span> <span class='ocrx_word' id='word_1_636' title='bbox 2682 2492 2731 2545; x_wconf 91' lang='lat' dir='ltr'><strong>iu</strong></span> <span class='ocrx_word' id='word_1_637' title='bbox 2776 2492 3107 2550; x_wconf 86' lang='lat' dir='ltr'><strong>Chalcedon.</strong></span> <span class='ocrx_word' id='word_1_638' title='bbox 3158 2511 3213 2565; x_wconf 90' lang='lat' dir='ltr'><strong>p.</strong></span> <span class='ocrx_word' id='word_1_639' title='bbox 3260 2496 3367 2554; x_wconf 84' lang='lat'><strong>659</strong></span> <span class='ocrx_word' id='word_1_640' title='bbox 3396 2501 3618 2559; x_wconf 86' lang='lat' dir='ltr'><strong>dicitur.</strong></span> 
     </span>
    </p>
   </div>
   <div class='ocr_carea' id='block_1_94' title="bbox 2045 2568 3369 2647">
    <p class='ocr_par' dir='ltr' id='par_1_94' title="bbox 2045 2568 3369 2647">
     <span class='ocr_line' id='line_1_94' title="bbox 2045 2568 3369 2647; baseline 0.011 -26"><span class='ocrx_word' id='word_1_641' title='bbox 2045 2568 2177 2625; x_wconf 86' lang='lat' dir='ltr'><strong>Vide</strong></span> <span class='ocrx_word' id='word_1_642' title='bbox 2200 2568 2495 2634; x_wconf 87' lang='lat' dir='ltr'><strong>Norisium,</strong></span> <span class='ocrx_word' id='word_1_643' title='bbox 2531 2572 2754 2627; x_wconf 77' lang='lat' dir='ltr'><strong>Dissert.</strong></span> <span class='ocrx_word' id='word_1_644' title='bbox 2788 2590 2817 2627; x_wconf 92' lang='lat' dir='ltr'><strong>v</strong></span> <span class='ocrx_word' id='word_1_645' title='bbox 2841 2576 2906 2629; x_wconf 84' lang='lat' dir='ltr'><strong>de</strong></span> <span class='ocrx_word' id='word_1_646' title='bbox 2934 2574 3130 2645; x_wconf 76' lang='lat' dir='ltr'><strong>Epoclr.</strong></span> <span class='ocrx_word' id='word_1_647' title='bbox 3156 2592 3210 2647; x_wconf 91' lang='lat' dir='ltr'><strong>p.</strong></span> <span class='ocrx_word' id='word_1_648' title='bbox 3243 2578 3369 2635; x_wconf 81' lang='lat'><strong>562.</strong></span> 
     </span>
    </p>
   </div>
   <div class='ocr_carea' id='block_1_95' title="bbox 2112 2652 3622 2734">
    <p class='ocr_par' dir='ltr' id='par_1_95' title="bbox 2112 2652 3622 2734">
     <span class='ocr_line' id='line_1_95' title="bbox 2112 2652 3622 2734; baseline 0.012 -30"><span class='ocrx_word' id='word_1_649' title='bbox 2112 2652 2258 2734; x_wconf 56' lang='lat' dir='ltr'><strong>Ibid.</strong></span> <span class='ocrx_word' id='word_1_650' title='bbox 2283 2653 2492 2719; x_wconf 64' lang='lat'><strong>’01672.</strong></span> <span class='ocrx_word' id='word_1_651' title='bbox 2526 2654 2640 2708; x_wconf 82' lang='lat' dir='ltr'><strong>Non</strong></span> <span class='ocrx_word' id='word_1_652' title='bbox 2679 2657 2907 2712; x_wconf 87' lang='lat' dir='ltr'><strong>multum</strong></span> <span class='ocrx_word' id='word_1_653' title='bbox 2945 2676 2971 2712; x_wconf 89' lang='lat' dir='ltr'><strong>a</strong></span> <span class='ocrx_word' id='word_1_654' title='bbox 3029 2658 3275 2717; x_wconf 88' lang='lat' dir='ltr'><strong>Seleucia</strong></span> <span class='ocrx_word' id='word_1_655' title='bbox 3312 2675 3622 2734; x_wconf 86' lang='lat' dir='ltr'><strong>separatam</strong></span> 
     </span>
    </p>
   </div>
   <div class='ocr_carea' id='block_1_96' title="bbox 2044 2732 3621 2815">
    <p class='ocr_par' dir='ltr' id='par_1_96' title="bbox 2044 2732 3621 2815">
     <span class='ocr_line' id='line_1_96' title="bbox 2044 2732 3621 2815; baseline 0.01 -27"><span class='ocrx_word' id='word_1_656' title='bbox 2044 2732 2211 2790; x_wconf 76' lang='lat' dir='ltr'><strong>fuisse</strong></span> <span class='ocrx_word' id='word_1_657' title='bbox 2231 2732 2468 2792; x_wconf 84' lang='lat' dir='ltr'><strong>Basilius</strong></span> <span class='ocrx_word' id='word_1_658' title='bbox 2494 2736 2621 2792; x_wconf 71' lang='grc' dir='ltr'><strong>Μὶν.</strong></span> <span class='ocrx_word' id='word_1_659' title='bbox 2650 2737 2710 2795; x_wconf 88' lang='lat' dir='ltr'><strong>S.</strong></span> <span class='ocrx_word' id='word_1_660' title='bbox 2747 2737 2950 2794; x_wconf 80' lang='lat' dir='ltr'><strong>Tltech</strong></span> <span class='ocrx_word' id='word_1_661' title='bbox 2979 2757 3039 2807; x_wconf 88' lang='grc' dir='ltr'>ιι,</span> <span class='ocrx_word' id='word_1_662' title='bbox 3070 2743 3104 2797; x_wconf 90' lang='grc'><strong>8</strong></span> <span class='ocrx_word' id='word_1_663' title='bbox 3130 2732 3419 2815; x_wconf 69' lang='lat' dir='ltr'><strong>signiﬁcat.</strong></span> <span class='ocrx_word' id='word_1_664' title='bbox 3451 2749 3621 2804; x_wconf 81' lang='grc' dir='ltr'><strong>ἀστυ-</strong></span> 
     </span>
    </p>
   </div>
   <div class='ocr_carea' id='block_1_97' title="bbox 2043 2815 3622 2899">
    <p class='ocr_par' dir='ltr' id='par_1_97' title="bbox 2043 2815 3622 2899">
     <span class='ocr_line' id='line_1_97' title="bbox 2043 2815 3622 2899; baseline 0.013 -31"><span class='ocrx_word' id='word_1_665' title='bbox 2043 2817 2263 2885; x_wconf 81' lang='grc' dir='ltr'>γείτονα</span> <span class='ocrx_word' id='word_1_666' title='bbox 2310 2819 2486 2883; x_wconf 86' lang='grc' dir='ltr'>πόλιν,</span> <span class='ocrx_word' id='word_1_667' title='bbox 2630 2821 2802 2892; x_wconf 74' lang='grc' dir='ltr'>ὄνομα</span> <span class='ocrx_word' id='word_1_668' title='bbox 2854 2825 3008 2879; x_wconf 79' lang='grc' dir='ltr'>ἐστιν</span> <span class='ocrx_word' id='word_1_669' title='bbox 3058 2825 3269 2895; x_wconf 79' lang='grc' dir='ltr'>ὀλὸα,</span> <span class='ocrx_word' id='word_1_670' title='bbox 3319 2831 3622 2899; x_wconf 84' lang='lat' dir='ltr'><strong>appellans.</strong></span> 
     </span>
    </p>
   </div>
   <div class='ocr_carea' id='block_1_98' title="bbox 2045 2899 3623 2986">
    <p class='ocr_par' dir='ltr' id='par_1_98' title="bbox 2045 2899 3623 2986">
     <span class='ocr_line' id='line_1_98' title="bbox 2045 2899 3623 2986; baseline 0.011 -33"><span class='ocrx_word' id='word_1_671' title='bbox 2045 2899 2361 2986; x_wconf 54' lang='lat' dir='ltr'><strong>Theodorus</strong></span> <span class='ocrx_word' id='word_1_672' title='bbox 2394 2903 2602 2966; x_wconf 83' lang='grc' dir='ltr'>πόλεως</span> <span class='ocrx_word' id='word_1_673' title='bbox 2639 2904 2843 2973; x_wconf 77' lang='grc' dir='ltr'>Ὀλεης</span> <span class='ocrx_word' id='word_1_674' title='bbox 2897 2908 2995 2977; x_wconf 84' lang='grc' dir='ltr'>τῆς</span> <span class='ocrx_word' id='word_1_675' title='bbox 3042 2907 3304 2977; x_wconf 85' lang='grc' dir='ltr'>Ὶσαύρων</span> <span class='ocrx_word' id='word_1_676' title='bbox 3350 2914 3623 2986; x_wconf 75' lang='grc' dir='ltr'>ἐπαρχίας</span> 
     </span>
    </p>
   </div>
   <div class='ocr_carea' id='block_1_99' title="bbox 2046 2981 3641 3060">
    <p class='ocr_par' dir='ltr' id='par_1_99' title="bbox 2046 2981 3641 3060">
     <span class='ocr_line' id='line_1_99' title="bbox 2046 2981 3641 3060; baseline 0.01 -22"><span class='ocrx_word' id='word_1_677' title='bbox 2046 2981 2460 3055; x_wconf 88' lang='lat' dir='ltr'><strong>Constantinop.</strong></span> <span class='ocrx_word' id='word_1_678' title='bbox 2510 2988 2673 3041; x_wconf 90' lang='lat' dir='ltr'><strong>tertio</strong></span> <span class='ocrx_word' id='word_1_679' title='bbox 2707 2988 3055 3058; x_wconf 87' lang='lat' dir='ltr'><strong>subscripsit.</strong></span> <span class='ocrx_word' id='word_1_680' title='bbox 3095 2991 3255 3048; x_wconf 85' lang='lat' dir='ltr'><strong>Plura</strong></span> <span class='ocrx_word' id='word_1_681' title='bbox 3310 2993 3366 3049; x_wconf 89' lang='lat' dir='ltr'><strong>in</strong></span> <span class='ocrx_word' id='word_1_682' title='bbox 3421 2981 3641 3060; x_wconf 62' lang='lat' dir='ltr'><strong>Aulam.</strong></span> 
     </span>
    </p>
   </div>
   <div class='ocr_carea' id='block_1_100' title="bbox 2046 3065 2426 3135">
    <p class='ocr_par' dir='ltr' id='par_1_100' title="bbox 2046 3065 2426 3135">
     <span class='ocr_line' id='line_1_100' title="bbox 2046 3065 2426 3135; baseline 0.016 -17"><span class='ocrx_word' id='word_1_683' title='bbox 2046 3065 2176 3122; x_wconf 84' lang='lat' dir='ltr'><strong>Itin.</strong></span> <span class='ocrx_word' id='word_1_684' title='bbox 2214 3082 2265 3135; x_wconf 91' lang='lat' dir='ltr'><strong>p.</strong></span> <span class='ocrx_word' id='word_1_685' title='bbox 2300 3068 2426 3125; x_wconf 72' lang='lat'><strong>212.</strong></span> 
     </span>
    </p>
   </div>
   <div class='ocr_carea' id='block_1_101' title="bbox 2117 3150 3626 3235">
    <p class='ocr_par' dir='ltr' id='par_1_101' title="bbox 2117 3150 3626 3235">
     <span class='ocr_line' id='line_1_101' title="bbox 2117 3150 3626 3235; baseline 0.013 -32"><span class='ocrx_word' id='word_1_686' title='bbox 2117 3150 2252 3235; x_wconf 84' lang='lat' dir='ltr'><strong>Ibid.</strong></span> <span class='ocrx_word' id='word_1_687' title='bbox 2313 3151 2815 3218; x_wconf 77' lang='grc' dir='ltr'><strong>Κλαυδιούπολις.</strong></span> <span class='ocrx_word' id='word_1_688' title='bbox 2873 3155 3099 3212; x_wconf 87' lang='lat' dir='ltr'><strong>Colonia</strong></span> <span class='ocrx_word' id='word_1_689' title='bbox 3153 3168 3273 3214; x_wconf 88' lang='lat' dir='ltr'><strong>erat</strong></span> <span class='ocrx_word' id='word_1_690' title='bbox 3323 3177 3353 3216; x_wconf 90' lang='lat' dir='ltr'><strong>a</strong></span> <span class='ocrx_word' id='word_1_691' title='bbox 3398 3164 3626 3235; x_wconf 77' lang='lat' dir='ltr'><strong>Claudio</strong></span> 
     </span>
    </p>
   </div>
   <div class='ocr_carea' id='block_1_102' title="bbox 2048 3234 3621 3308">
    <p class='ocr_par' dir='ltr' id='par_1_102' title="bbox 2048 3234 3621 3308">
     <span class='ocr_line' id='line_1_102' title="bbox 2048 3234 3621 3308; baseline 0.011 -20"><span class='ocrx_word' id='word_1_692' title='bbox 2048 3234 2299 3299; x_wconf 86' lang='lat' dir='ltr'><strong>deducta,</strong></span> <span class='ocrx_word' id='word_1_693' title='bbox 2335 3237 2624 3291; x_wconf 84' lang='lat' dir='ltr'><strong>Ammiano</strong></span> <span class='ocrx_word' id='word_1_694' title='bbox 2675 3245 2812 3292; x_wconf 88' lang='lat' dir='ltr'><strong>teste</strong></span> <span class='ocrx_word' id='word_1_695' title='bbox 2852 3254 2967 3303; x_wconf 79' lang='lat' dir='ltr'><strong>xiv,</strong></span> <span class='ocrx_word' id='word_1_696' title='bbox 3006 3239 3069 3305; x_wconf 92' lang='lat'><strong>8,</strong></span> <span class='ocrx_word' id='word_1_697' title='bbox 3114 3242 3277 3308; x_wconf 89' lang='lat' dir='ltr'><strong>olim,</strong></span> <span class='ocrx_word' id='word_1_698' title='bbox 3317 3245 3365 3301; x_wconf 89' lang='lat' dir='ltr'><strong>si</strong></span> <span class='ocrx_word' id='word_1_699' title='bbox 3411 3246 3621 3305; x_wconf 83' lang='lat' dir='ltr'><strong>Theod.</strong></span> 
     </span>
    </p>
   </div>
   <div class='ocr_carea' id='block_1_103' title="bbox 2048 3318 3643 3388">
    <p class='ocr_par' dir='ltr' id='par_1_103' title="bbox 2048 3318 3643 3388">
     <span class='ocr_line' id='line_1_103' title="bbox 2048 3318 3643 3388; baseline 0.01 -16"><span class='ocrx_word' id='word_1_700' title='bbox 2048 3318 2345 3375; x_wconf 83' lang='lat' dir='ltr'><strong>Ruinartns</strong></span> <span class='ocrx_word' id='word_1_701' title='bbox 2364 3320 2429 3374; x_wconf 85' lang='lat' dir='ltr'><strong>ad</strong></span> <span class='ocrx_word' id='word_1_702' title='bbox 2450 3320 2609 3388; x_wconf 92' lang='lat' dir='ltr'><strong>epist.</strong></span> <span class='ocrx_word' id='word_1_703' title='bbox 2644 3318 2912 3375; x_wconf 90' lang='lat' dir='ltr'><strong>Theodori</strong></span> <span class='ocrx_word' id='word_1_704' title='bbox 2946 3320 3239 3382; x_wconf 88' lang='lat' dir='ltr'><strong>Iconiensis</strong></span> <span class='ocrx_word' id='word_1_705' title='bbox 3255 3329 3374 3381; x_wconf 76' lang='lat' dir='ltr'><strong>Act.</strong></span> <span class='ocrx_word' id='word_1_706' title='bbox 3409 3329 3643 3388; x_wconf 83' lang='lat' dir='ltr'><strong>Sincer.‘</strong></span> 
     </span>
    </p>
   </div>
   <div class='ocr_carea' id='block_1_104' title="bbox 2050 3399 3628 3479">
    <p class='ocr_par' dir='ltr' id='par_1_104' title="bbox 2050 3399 3628 3479">
     <span class='ocr_line' id='line_1_104' title="bbox 2050 3399 3628 3479; baseline 0.009 -25"><span class='ocrx_word' id='word_1_707' title='bbox 2050 3415 2102 3468; x_wconf 86' lang='lat' dir='ltr'><strong>p.</strong></span> <span class='ocrx_word' id='word_1_708' title='bbox 2151 3399 2257 3457; x_wconf 73' lang='lat'><strong>478</strong></span> <span class='ocrx_word' id='word_1_709' title='bbox 2297 3415 2401 3454; x_wconf 92' lang='lat' dir='ltr'><strong>non</strong></span> <span class='ocrx_word' id='word_1_710' title='bbox 2439 3399 2598 3465; x_wconf 80' lang='lat' dir='ltr'><strong>fallit,</strong></span> <span class='ocrx_word' id='word_1_711' title='bbox 2629 3401 2836 3456; x_wconf 87' lang='lat' dir='ltr'><strong>Isaura.</strong></span> <span class='ocrx_word' id='word_1_712' title='bbox 2881 3403 3101 3459; x_wconf 70' lang='lat' dir='ltr'><strong>Falsum</strong></span> <span class='ocrx_word' id='word_1_713' title='bbox 3144 3416 3324 3464; x_wconf 88' lang='lat' dir='ltr'><strong>tamen</strong></span> <span class='ocrx_word' id='word_1_714' title='bbox 3373 3422 3524 3479; x_wconf 90' lang='lat' dir='ltr'><strong>puto,</strong></span> <span class='ocrx_word' id='word_1_715' title='bbox 3570 3425 3628 3469; x_wconf 88' lang='lat' dir='ltr'><strong>et</strong></span> 
     </span>
    </p>
   </div>
   <div class='ocr_carea' id='block_1_105' title="bbox 2047 3481 3646 3553">
    <p class='ocr_par' dir='ltr' id='par_1_105' title="bbox 2047 3481 3646 3553">
     <span class='ocr_line' id='line_1_105' title="bbox 2047 3481 3646 3553; baseline 0.009 -18"><span class='ocrx_word' id='word_1_716' title='bbox 2047 3481 2319 3537; x_wconf 78' lang='lat' dir='ltr'><strong>Ammiani</strong></span> <span class='ocrx_word' id='word_1_717' title='bbox 2356 3482 2535 3537; x_wconf 88' lang='lat' dir='ltr'><strong>verbis</strong></span> <span class='ocrx_word' id='word_1_718' title='bbox 2569 3497 2674 3536; x_wconf 87' lang='lat' dir='ltr'><strong>non</strong></span> <span class='ocrx_word' id='word_1_719' title='bbox 2730 3492 2788 3538; x_wconf 88' lang='lat' dir='ltr'><strong>ut</strong></span> <span class='ocrx_word' id='word_1_720' title='bbox 2837 3494 3157 3553; x_wconf 85' lang='lat' dir='ltr'><strong>oportuerat</strong></span> <span class='ocrx_word' id='word_1_721' title='bbox 3206 3489 3496 3549; x_wconf 87' lang='lat' dir='ltr'><strong>intellectis</strong></span> <span class='ocrx_word' id='word_1_722' title='bbox 3529 3488 3646 3550; x_wconf 32' lang='lat' dir='ltr'><strong>de-i</strong></span> 
     </span>
    </p>
   </div>
   <div class='ocr_carea' id='block_1_106' title="bbox 2048 3564 3629 3646">
    <p class='ocr_par' dir='ltr' id='par_1_106' title="bbox 2048 3564 3629 3646">
     <span class='ocr_line' id='line_1_106' title="bbox 2048 3564 3629 3646; baseline 0.008 -26"><span class='ocrx_word' id='word_1_723' title='bbox 2048 3575 2306 3634; x_wconf 88' lang='lat' dir='ltr'><strong>ceptum:</strong></span> <span class='ocrx_word' id='word_1_724' title='bbox 2344 3578 2469 3619; x_wconf 90' lang='lat' dir='ltr'><strong>nam</strong></span> <span class='ocrx_word' id='word_1_725' title='bbox 2524 3574 2579 3619; x_wconf 89' lang='lat' dir='ltr'><strong>et</strong></span> <span class='ocrx_word' id='word_1_726' title='bbox 2632 3564 2951 3622; x_wconf 62' lang='lat' dir='ltr'><strong>Ptolemaaus</strong></span> <span class='ocrx_word' id='word_1_727' title='bbox 2994 3580 3048 3622; x_wconf 89' lang='lat' dir='ltr'><strong>et</strong></span> <span class='ocrx_word' id='word_1_728' title='bbox 3085 3566 3364 3628; x_wconf 84' lang='lat' dir='ltr'><strong>Hierocles</strong></span> <span class='ocrx_word' id='word_1_729' title='bbox 3413 3584 3468 3630; x_wconf 90' lang='lat' dir='ltr'><strong>et</strong></span> <span class='ocrx_word' id='word_1_730' title='bbox 3510 3576 3629 3646; x_wconf 85' lang='lat' dir='ltr'><strong>ipse</strong></span> 
     </span>
    </p>
   </div>
   <div class='ocr_carea' id='block_1_107' title="bbox 2048 3648 3628 3729">
    <p class='ocr_par' dir='ltr' id='par_1_107' title="bbox 2048 3648 3628 3729">
     <span class='ocr_line' id='line_1_107' title="bbox 2048 3648 3628 3729; baseline 0.009 -28"><span class='ocrx_word' id='word_1_731' title='bbox 2048 3649 2368 3703; x_wconf 86' lang='lat' dir='ltr'><strong>Ammianus</strong></span> <span class='ocrx_word' id='word_1_732' title='bbox 2386 3659 2670 3716; x_wconf 88' lang='lat' dir='ltr'><strong>utramque</strong></span> <span class='ocrx_word' id='word_1_733' title='bbox 2693 3648 2946 3704; x_wconf 91' lang='lat' dir='ltr'><strong>distincte</strong></span> <span class='ocrx_word' id='word_1_734' title='bbox 2969 3664 3294 3710; x_wconf 86' lang='lat' dir='ltr'><strong>memorant.</strong></span> <span class='ocrx_word' id='word_1_735' title='bbox 3314 3655 3448 3714; x_wconf 90' lang='lat' dir='ltr'><strong>Vide</strong></span> <span class='ocrx_word' id='word_1_736' title='bbox 3462 3675 3628 3729; x_wconf 90' lang='lat' dir='ltr'><strong>quem</strong></span> 
     </span>
    </p>
   </div>
   <div class='ocr_carea' id='block_1_108' title="bbox 2051 3728 3628 3809">
    <p class='ocr_par' dir='ltr' id='par_1_108' title="bbox 2051 3728 3628 3809">
     <span class='ocr_line' id='line_1_108' title="bbox 2051 3728 3628 3809; baseline 0.01 -27"><span class='ocrx_word' id='word_1_737' title='bbox 2051 3731 2259 3797; x_wconf 86' lang='lat' dir='ltr'><strong>signavi</strong></span> <span class='ocrx_word' id='word_1_738' title='bbox 2294 3728 2469 3782; x_wconf 89' lang='lat' dir='ltr'><strong>locum</strong></span> <span class='ocrx_word' id='word_1_739' title='bbox 2504 3744 2626 3783; x_wconf 91' lang='lat' dir='ltr'><strong>cum</strong></span> <span class='ocrx_word' id='word_1_740' title='bbox 2663 3729 2860 3785; x_wconf 88' lang='lat' dir='ltr'><strong>Valesii</strong></span> <span class='ocrx_word' id='word_1_741' title='bbox 2898 3742 3045 3786; x_wconf 86' lang='lat' dir='ltr'><strong>nota.</strong></span> <span class='ocrx_word' id='word_1_742' title='bbox 3094 3732 3210 3788; x_wconf 88' lang='lat' dir='ltr'><strong>Sita</strong></span> <span class='ocrx_word' id='word_1_743' title='bbox 3253 3728 3628 3809; x_wconf 83' lang='lat' dir='ltr'><strong>Claudiopolis</strong></span> 
     </span>
    </p>
   </div>
   <div class='ocr_carea' id='block_1_109' title="bbox 2050 3812 3629 3886">
    <p class='ocr_par' dir='ltr' id='par_1_109' title="bbox 2050 3812 3629 3886">
     <span class='ocr_line' id='line_1_109' title="bbox 2050 3812 3629 3886; baseline 0.006 -19"><span class='ocrx_word' id='word_1_744' title='bbox 2050 3822 2171 3867; x_wconf 88' lang='lat' dir='ltr'><strong>erat</strong></span> <span class='ocrx_word' id='word_1_745' title='bbox 2210 3813 2261 3865; x_wconf 92' lang='lat' dir='ltr'><strong>in</strong></span> <span class='ocrx_word' id='word_1_746' title='bbox 2308 3812 2532 3865; x_wconf 75' lang='lat' dir='ltr'><strong>Isauria:</strong></span> <span class='ocrx_word' id='word_1_747' title='bbox 2566 3812 2979 3868; x_wconf 87' lang='lat' dir='ltr'><strong>mediterraneis</strong></span> <span class='ocrx_word' id='word_1_748' title='bbox 3027 3814 3188 3885; x_wconf 90' lang='lat' dir='ltr'><strong>inque</strong></span> <span class='ocrx_word' id='word_1_749' title='bbox 3229 3819 3450 3886; x_wconf 83' lang='lat' dir='ltr'><strong>planitie</strong></span> <span class='ocrx_word' id='word_1_750' title='bbox 3486 3823 3629 3879; x_wconf 88' lang='lat' dir='ltr'><strong>inter</strong></span> 
     </span>
    </p>
   </div>
   <div class='ocr_carea' id='block_1_110' title="bbox 2053 3891 3629 3976">
    <p class='ocr_par' dir='ltr' id='par_1_110' title="bbox 2053 3891 3629 3976">
     <span class='ocr_line' id='line_1_110' title="bbox 2053 3891 3629 3976; baseline 0.006 -28"><span class='ocrx_word' id='word_1_751' title='bbox 2053 3895 2158 3948; x_wconf 91' lang='lat' dir='ltr'><strong>duo</strong></span> <span class='ocrx_word' id='word_1_752' title='bbox 2187 3891 2359 3976; x_wconf 81' lang='lat' dir='ltr'><strong>&#39;I‘auri</strong></span> <span class='ocrx_word' id='word_1_753' title='bbox 2392 3892 2782 3976; x_wconf 31' lang='grc' dir='ltr'><strong>ῙιιειιἎμεταξὺ</strong></span> <span class='ocrx_word' id='word_1_754' title='bbox 2812 3892 2920 3949; x_wconf 85' lang='grc' dir='ltr'><strong>τῶν</strong></span> <span class='ocrx_word' id='word_1_755' title='bbox 2969 3895 3062 3950; x_wconf 87' lang='grc' dir='ltr'>δύο</span> <span class='ocrx_word' id='word_1_756' title='bbox 3092 3897 3318 3969; x_wconf 83' lang='grc' dir='ltr'>Ταύρων</span> <span class='ocrx_word' id='word_1_757' title='bbox 3358 3903 3418 3955; x_wconf 87' lang='grc' dir='ltr'>ὲν</span> <span class='ocrx_word' id='word_1_758' title='bbox 3460 3903 3629 3976; x_wconf 85' lang='grc' dir='ltr'>πεδίῳ</span> 
     </span>
    </p>
   </div>
   <div class='ocr_carea' id='block_1_111' title="bbox 2055 3972 3653 4053">
    <p class='ocr_par' dir='ltr' id='par_1_111' title="bbox 2055 3972 3653 4053">
     <span class='ocr_line' id='line_1_111' title="bbox 2055 3972 3653 4053; baseline 0.01 -26"><span class='ocrx_word' id='word_1_759' title='bbox 2055 3975 2307 4045; x_wconf 84' lang='grc' dir='ltr'>κειμένη,</span> <span class='ocrx_word' id='word_1_760' title='bbox 2349 3974 2522 4041; x_wconf 88' lang='lat' dir='ltr'><strong>inquit</strong></span> <span class='ocrx_word' id='word_1_761' title='bbox 2549 3972 2908 4043; x_wconf 88' lang='lat' dir='ltr'><strong>Theophanes</strong></span> <span class='ocrx_word' id='word_1_762' title='bbox 2942 3976 3340 4051; x_wconf 68' lang='lat' dir='ltr'><strong>Claronograplt.</strong></span> <span class='ocrx_word' id='word_1_763' title='bbox 3372 3998 3426 4053; x_wconf 89' lang='lat' dir='ltr'><strong>p.</strong></span> <span class='ocrx_word' id='word_1_764' title='bbox 3464 3972 3610 4042; x_wconf 43' lang='grc'>119(</span> <span class='ocrx_word' id='word_1_765' title='bbox 3638 3978 3653 4051; x_wconf 59' lang='grc' dir='ltr'>ί</span> 
     </span>
    </p>
   </div>
   <div class='ocr_carea' id='block_1_112' title="bbox 2125 4057 3629 4138">
    <p class='ocr_par' dir='ltr' id='par_1_112' title="bbox 2125 4057 3629 4138">
     <span class='ocr_line' id='line_1_112' title="bbox 2125 4057 3629 4138; baseline 0.009 -26"><span class='ocrx_word' id='word_1_766' title='bbox 2125 4059 2261 4114; x_wconf 91' lang='lat' dir='ltr'><strong>Ibid.</strong></span> <span class='ocrx_word' id='word_1_767' title='bbox 2304 4057 2658 4126; x_wconf 73' lang='grc' dir='ltr'>⁹1εράπολις.</span> <span class='ocrx_word' id='word_1_768' title='bbox 2698 4057 2859 4114; x_wconf 82' lang='lat' dir='ltr'><strong>Fovit</strong></span> <span class='ocrx_word' id='word_1_769' title='bbox 2891 4062 3030 4117; x_wconf 84' lang='lat' dir='ltr'><strong>hanc</strong></span> <span class='ocrx_word' id='word_1_770' title='bbox 3059 4063 3279 4120; x_wconf 67' lang='lat' dir='ltr'><strong>Isauriae</strong></span> <span class='ocrx_word' id='word_1_771' title='bbox 3316 4065 3629 4138; x_wconf 87' lang='lat' dir='ltr'><strong>Ilierapolin</strong></span> 
     </span>
    </p>
   </div>
   <div class='ocr_carea' id='block_1_113' title="bbox 2055 4139 3647 4219">
    <p class='ocr_par' dir='ltr' id='par_1_113' title="bbox 2055 4139 3647 4219">
     <span class='ocr_line' id='line_1_113' title="bbox 2055 4139 3647 4219; baseline 0.008 -24"><span class='ocrx_word' id='word_1_772' title='bbox 2055 4139 2386 4196; x_wconf 89' lang='lat' dir='ltr'><strong>Chalcedon.</strong></span> <span class='ocrx_word' id='word_1_773' title='bbox 2418 4140 2615 4195; x_wconf 88' lang='lat' dir='ltr'><strong>concil.</strong></span> <span class='ocrx_word' id='word_1_774' title='bbox 2647 4156 2700 4210; x_wconf 93' lang='lat' dir='ltr'><strong>p.</strong></span> <span class='ocrx_word' id='word_1_775' title='bbox 2729 4141 2855 4196; x_wconf 69' lang='grc'><strong>674.</strong></span> <span class='ocrx_word' id='word_1_776' title='bbox 2886 4143 3143 4202; x_wconf 84' lang='lat' dir='ltr'><strong>Fortasse</strong></span> <span class='ocrx_word' id='word_1_777' title='bbox 3178 4159 3231 4201; x_wconf 88' lang='lat' dir='ltr'><strong>et</strong></span> <span class='ocrx_word' id='word_1_778' title='bbox 3261 4150 3368 4204; x_wconf 91' lang='lat' dir='ltr'><strong>huc</strong></span> <span class='ocrx_word' id='word_1_779' title='bbox 3393 4144 3647 4219; x_wconf 68' lang='lat' dir='ltr'><strong>pertinet</strong></span> 
     </span>
    </p>
   </div>
   <div class='ocr_carea' id='block_1_114' title="bbox 2055 4222 3629 4305">
    <p class='ocr_par' dir='ltr' id='par_1_114' title="bbox 2055 4222 3629 4305">
     <span class='ocr_line' id='line_1_114' title="bbox 2055 4222 3629 4305; baseline 0.006 -27"><span class='ocrx_word' id='word_1_780' title='bbox 2055 4225 2370 4280; x_wconf 86' lang='lat' dir='ltr'><strong>rarissimus</strong></span> <span class='ocrx_word' id='word_1_781' title='bbox 2438 4222 2813 4295; x_wconf 83' lang='grc' dir='ltr'>ἰεροπολιτῶν</span> <span class='ocrx_word' id='word_1_782' title='bbox 2868 4227 2977 4279; x_wconf 84' lang='grc' dir='ltr'>τῶν</span> <span class='ocrx_word' id='word_1_783' title='bbox 3046 4230 3183 4299; x_wconf 74' lang='grc' dir='ltr'>πρὸς</span> <span class='ocrx_word' id='word_1_784' title='bbox 3234 4233 3312 4303; x_wconf 83' lang='grc' dir='ltr'><strong>τῷ</strong></span> <span class='ocrx_word' id='word_1_785' title='bbox 3380 4233 3629 4305; x_wconf 80' lang='grc' dir='ltr'><strong>Πυράμῳ</strong></span> 
     </span>
    </p>
   </div>
   <div class='ocr_carea' id='block_1_115' title="bbox 2057 4306 3627 4382">
    <p class='ocr_par' dir='ltr' id='par_1_115' title="bbox 2057 4306 3627 4382">
     <span class='ocr_line' id='line_1_115' title="bbox 2057 4306 3627 4382; baseline 0.004 -19"><span class='ocrx_word' id='word_1_786' title='bbox 2057 4323 2314 4364; x_wconf 89' lang='lat' dir='ltr'><strong>nummus</strong></span> <span class='ocrx_word' id='word_1_787' title='bbox 2358 4306 2510 4363; x_wconf 80' lang='lat' dir='ltr'><strong>Tltes.</strong></span> <span class='ocrx_word' id='word_1_788' title='bbox 2547 4306 2757 4363; x_wconf 84' lang='lat' dir='ltr'><strong>Britan.</strong></span> <span class='ocrx_word' id='word_1_789' title='bbox 2814 4318 2945 4365; x_wconf 88' lang='lat' dir='ltr'><strong>tom.</strong></span> <span class='ocrx_word' id='word_1_790' title='bbox 2977 4311 3045 4375; x_wconf 89' lang='lat' dir='ltr'><strong>II,</strong></span> <span class='ocrx_word' id='word_1_791' title='bbox 3084 4328 3135 4382; x_wconf 91' lang='lat' dir='ltr'><strong>p.</strong></span> <span class='ocrx_word' id='word_1_792' title='bbox 3165 4315 3266 4370; x_wconf 77' lang='lat' dir='ltr'><strong>IH</strong></span> <span class='ocrx_word' id='word_1_793' title='bbox 3296 4333 3309 4369; x_wconf 90' lang='lat'><strong>:</strong></span> <span class='ocrx_word' id='word_1_794' title='bbox 3345 4317 3445 4370; x_wconf 89' lang='lat' dir='ltr'><strong>etsi</strong></span> <span class='ocrx_word' id='word_1_795' title='bbox 3478 4318 3627 4372; x_wconf 86' lang='lat' dir='ltr'><strong>enim</strong></span> 
     </span>
    </p>
   </div>
   <div class='ocr_carea' id='block_1_116' title="bbox 2054 4391 3633 4468">
    <p class='ocr_par' dir='ltr' id='par_1_116' title="bbox 2054 4391 3633 4468">
     <span class='ocr_line' id='line_1_116' title="bbox 2054 4391 3633 4468; baseline 0.005 -21"><span class='ocrx_word' id='word_1_796' title='bbox 2054 4393 2317 4464; x_wconf 88' lang='lat' dir='ltr'><strong>Pyramus</strong></span> <span class='ocrx_word' id='word_1_797' title='bbox 2356 4392 2562 4447; x_wconf 74' lang='lat' dir='ltr'><strong>Cilicia:</strong></span> <span class='ocrx_word' id='word_1_798' title='bbox 2598 4393 2668 4447; x_wconf 90' lang='lat' dir='ltr'><strong>sit</strong></span> <span class='ocrx_word' id='word_1_799' title='bbox 2709 4391 2928 4459; x_wconf 87' lang='lat' dir='ltr'><strong>ﬂumen,</strong></span> <span class='ocrx_word' id='word_1_800' title='bbox 2988 4397 3119 4450; x_wconf 85' lang='lat' dir='ltr'><strong>nihil</strong></span> <span class='ocrx_word' id='word_1_801' title='bbox 3171 4398 3422 4468; x_wconf 89' lang='lat' dir='ltr'><strong>impediet</strong></span> <span class='ocrx_word' id='word_1_802' title='bbox 3467 4401 3513 4455; x_wconf 91' lang='lat' dir='ltr'><strong>si</strong></span> <span class='ocrx_word' id='word_1_803' title='bbox 3561 4401 3633 4456; x_wconf 86' lang='lat' dir='ltr'><strong>ad</strong></span> 
     </span>
    </p>
   </div>
   <div class='ocr_carea' id='block_1_117' title="bbox 2054 4474 3647 4551">
    <p class='ocr_par' dir='ltr' id='par_1_117' title="bbox 2054 4474 3647 4551">
     <span class='ocr_line' id='line_1_117' title="bbox 2054 4474 3647 4551; baseline 0.003 -22"><span class='ocrx_word' id='word_1_804' title='bbox 2054 4475 2171 4545; x_wconf 88' lang='lat' dir='ltr'><strong>ejus</strong></span> <span class='ocrx_word' id='word_1_805' title='bbox 2187 4474 2384 4539; x_wconf 82' lang='lat' dir='ltr'><strong>fontes,</strong></span> <span class='ocrx_word' id='word_1_806' title='bbox 2410 4476 2552 4529; x_wconf 88' lang='lat' dir='ltr'><strong>unde</strong></span> <span class='ocrx_word' id='word_1_807' title='bbox 2568 4474 2849 4543; x_wconf 88' lang='lat' dir='ltr'><strong>etjuvenis</strong></span> <span class='ocrx_word' id='word_1_808' title='bbox 2871 4479 3050 4546; x_wconf 91' lang='lat' dir='ltr'><strong>specie</strong></span> <span class='ocrx_word' id='word_1_809' title='bbox 3068 4478 3118 4532; x_wconf 93' lang='lat' dir='ltr'><strong>in</strong></span> <span class='ocrx_word' id='word_1_810' title='bbox 3140 4494 3360 4533; x_wconf 91' lang='lat' dir='ltr'><strong>nummo</strong></span> <span class='ocrx_word' id='word_1_811' title='bbox 3381 4482 3647 4551; x_wconf 83' lang='lat' dir='ltr'><strong>emergit,</strong></span> 
     </span>
    </p>
   </div>
   <div class='ocr_carea' id='block_1_118' title="bbox 2058 4557 3633 4632">
    <p class='ocr_par' dir='ltr' id='par_1_118' title="bbox 2058 4557 3633 4632">
     <span class='ocr_line' id='line_1_118' title="bbox 2058 4557 3633 4632; baseline 0.003 -20"><span class='ocrx_word' id='word_1_812' title='bbox 2058 4560 2197 4612; x_wconf 85' lang='lat' dir='ltr'><strong>hanc</strong></span> <span class='ocrx_word' id='word_1_813' title='bbox 2230 4557 2423 4612; x_wconf 91' lang='lat' dir='ltr'><strong>urbem</strong></span> <span class='ocrx_word' id='word_1_814' title='bbox 2456 4572 2765 4625; x_wconf 65' lang='lat' dir='ltr'><strong>quaeramus</strong></span> <span class='ocrx_word' id='word_1_815' title='bbox 2804 4569 2965 4627; x_wconf 90' lang='lat' dir='ltr'><strong>atque</strong></span> <span class='ocrx_word' id='word_1_816' title='bbox 2998 4570 3146 4614; x_wconf 83' lang='lat' dir='ltr'><strong>extra</strong></span> <span class='ocrx_word' id='word_1_817' title='bbox 3176 4562 3290 4631; x_wconf 89' lang='lat' dir='ltr'><strong>ejus</strong></span> <span class='ocrx_word' id='word_1_818' title='bbox 3338 4564 3633 4632; x_wconf 71' lang='lat' dir='ltr'><strong>provincia:</strong></span> 
     </span>
    </p>
   </div>
   <div class='ocr_carea' id='block_1_119' title="bbox 2056 4640 3651 4715">
    <p class='ocr_par' dir='ltr' id='par_1_119' title="bbox 2056 4640 3651 4715">
     <span class='ocr_line' id='line_1_119' title="bbox 2056 4640 3651 4715; baseline 0.005 -23"><span class='ocrx_word' id='word_1_819' title='bbox 2056 4640 2341 4705; x_wconf 90' lang='lat' dir='ltr'><strong>terminos,</strong></span> <span class='ocrx_word' id='word_1_820' title='bbox 2389 4640 2688 4708; x_wconf 70' lang='lat' dir='ltr'><strong>prtesertim</strong></span> <span class='ocrx_word' id='word_1_821' title='bbox 2728 4656 2850 4695; x_wconf 91' lang='lat' dir='ltr'><strong>cum</strong></span> <span class='ocrx_word' id='word_1_822' title='bbox 2881 4642 3033 4710; x_wconf 88' lang='lat' dir='ltr'><strong>plura</strong></span> <span class='ocrx_word' id='word_1_823' title='bbox 3068 4644 3268 4699; x_wconf 87' lang='lat' dir='ltr'><strong>veteris</strong></span> <span class='ocrx_word' id='word_1_824' title='bbox 3299 4645 3499 4700; x_wconf 67' lang='lat' dir='ltr'><strong>Ciliciae</strong></span> <span class='ocrx_word' id='word_1_825' title='bbox 3528 4643 3651 4715; x_wconf 69' lang='lat' dir='ltr'><strong>qp-f</strong></span> 
     </span>
    </p>
   </div>
   <div class='ocr_carea' id='block_1_120' title="bbox 2057 4719 3237 4794">
    <p class='ocr_par' dir='ltr' id='par_1_120' title="bbox 2057 4719 3237 4794">
     <span class='ocr_line' id='line_1_120' title="bbox 2057 4719 3237 4794; baseline 0.005 -19"><span class='ocrx_word' id='word_1_826' title='bbox 2057 4722 2175 4791; x_wconf 83' lang='lat' dir='ltr'><strong>pida</strong></span> <span class='ocrx_word' id='word_1_827' title='bbox 2207 4719 2428 4776; x_wconf 63' lang='lat' dir='ltr'><strong>Isauriae</strong></span> <span class='ocrx_word' id='word_1_828' title='bbox 2459 4722 2714 4791; x_wconf 65' lang='lat' dir='ltr'><strong>deinceps</strong></span> <span class='ocrx_word' id='word_1_829' title='bbox 2740 4724 2851 4779; x_wconf 89' lang='lat' dir='ltr'><strong>sint</strong></span> <span class='ocrx_word' id='word_1_830' title='bbox 2886 4726 3237 4794; x_wconf 88' lang='lat' dir='ltr'><strong>transcripta.</strong></span> 
     </span>
    </p>
   </div>
   <div class='ocr_carea' id='block_1_121' title="bbox 2127 4804 3635 4875">
    <p class='ocr_par' dir='ltr' id='par_1_121' title="bbox 2127 4804 3635 4875">
     <span class='ocr_line' id='line_1_121' title="bbox 2127 4804 3635 4875; baseline 0.005 -18"><span class='ocrx_word' id='word_1_831' title='bbox 2127 4804 2262 4859; x_wconf 90' lang='lat' dir='ltr'><strong>Ibid.</strong></span> <span class='ocrx_word' id='word_1_832' title='bbox 2300 4804 2697 4870; x_wconf 78' lang='grc' dir='ltr'>Δαλισανδός.</span> <span class='ocrx_word' id='word_1_833' title='bbox 2737 4807 2999 4875; x_wconf 84' lang='lat' dir='ltr'><strong>Apposita</strong></span> <span class='ocrx_word' id='word_1_834' title='bbox 3049 4819 3169 4864; x_wconf 88' lang='lat' dir='ltr'><strong>erat</strong></span> <span class='ocrx_word' id='word_1_835' title='bbox 3213 4821 3382 4865; x_wconf 81' lang='lat' dir='ltr'><strong>IllOIlll</strong></span> <span class='ocrx_word' id='word_1_836' title='bbox 3417 4810 3635 4867; x_wconf 80' lang='lat' dir='ltr'><strong>excelso</strong></span> 
     </span>
    </p>
   </div>
   <div class='ocr_carea' id='block_1_122' title="bbox 2055 4889 3636 4957">
    <p class='ocr_par' dir='ltr' id='par_1_122' title="bbox 2055 4889 3636 4957">
     <span class='ocr_line' id='line_1_122' title="bbox 2055 4889 3636 4957; baseline 0.002 -14"><span class='ocrx_word' id='word_1_837' title='bbox 2055 4891 2150 4943; x_wconf 87' lang='lat' dir='ltr'><strong>sed</strong></span> <span class='ocrx_word' id='word_1_838' title='bbox 2183 4901 2402 4943; x_wconf 71' lang='lat' dir='ltr'><strong>ammno</strong></span> <span class='ocrx_word' id='word_1_839' title='bbox 2430 4896 2484 4942; x_wconf 89' lang='lat' dir='ltr'><strong>et</strong></span> <span class='ocrx_word' id='word_1_840' title='bbox 2515 4890 2707 4957; x_wconf 90' lang='lat' dir='ltr'><strong>irrigo,</strong></span> <span class='ocrx_word' id='word_1_841' title='bbox 2743 4889 2810 4943; x_wconf 90' lang='lat' dir='ltr'><strong>ad</strong></span> <span class='ocrx_word' id='word_1_842' title='bbox 2856 4890 3015 4945; x_wconf 79' lang='lat' dir='ltr'><strong>vilem</strong></span> <span class='ocrx_word' id='word_1_843' title='bbox 3058 4902 3113 4945; x_wconf 89' lang='lat' dir='ltr'><strong>et</strong></span> <span class='ocrx_word' id='word_1_844' title='bbox 3155 4894 3407 4947; x_wconf 89' lang='lat' dir='ltr'><strong>miseram</strong></span> <span class='ocrx_word' id='word_1_845' title='bbox 3443 4893 3636 4948; x_wconf 80' lang='lat' dir='ltr'><strong>condi-</strong></span> 
     </span>
    </p>
   </div>
   <div class='ocr_carea' id='block_1_123' title="bbox 2059 4970 3637 5043">
    <p class='ocr_par' dir='ltr' id='par_1_123' title="bbox 2059 4970 3637 5043">
     <span class='ocr_line' id='line_1_123' title="bbox 2059 4970 3637 5043; baseline 0.005 -19"><span class='ocrx_word' id='word_1_846' title='bbox 2059 4971 2259 5024; x_wconf 86' lang='lat' dir='ltr'><strong>tionem</strong></span> <span class='ocrx_word' id='word_1_847' title='bbox 2305 4970 2527 5025; x_wconf 87' lang='lat' dir='ltr'><strong>redacta</strong></span> <span class='ocrx_word' id='word_1_848' title='bbox 2576 4971 2759 5026; x_wconf 85' lang='lat' dir='ltr'><strong>Basilii</strong></span> <span class='ocrx_word' id='word_1_849' title='bbox 2824 4981 3084 5043; x_wconf 81' lang='lat' dir='ltr'><strong>tempore.</strong></span> <span class='ocrx_word' id='word_1_850' title='bbox 3148 4976 3474 5039; x_wconf 81' lang='grc' dir='ltr'>Δαλισανδός</span> <span class='ocrx_word' id='word_1_851' title='bbox 3516 4977 3637 5032; x_wconf 77' lang='grc' dir='ltr'><strong>ἐστι</strong></span> 
     </span>
    </p>
   </div>
   <div class='ocr_carea' id='block_1_124' title="bbox 2058 5050 3651 5131">
    <p class='ocr_par' dir='ltr' id='par_1_124' title="bbox 2058 5050 3651 5131">
     <span class='ocr_line' id='line_1_124' title="bbox 2058 5050 3651 5131; baseline 0.003 -26"><span class='ocrx_word' id='word_1_852' title='bbox 2058 5051 2236 5116; x_wconf 84' lang='grc' dir='ltr'>πόλις,</span> <span class='ocrx_word' id='word_1_853' title='bbox 2266 5050 2440 5120; x_wconf 73' lang='lat' dir='ltr'><strong>inquit</strong></span> <span class='ocrx_word' id='word_1_854' title='bbox 2467 5051 2660 5106; x_wconf 78' lang='lat' dir='ltr'><strong>Mirac.</strong></span> <span class='ocrx_word' id='word_1_855' title='bbox 2687 5052 2750 5108; x_wconf 86' lang='lat' dir='ltr'><strong>S.</strong></span> <span class='ocrx_word' id='word_1_856' title='bbox 2788 5052 2993 5111; x_wconf 59' lang='lat' dir='ltr'><strong>Thecla</strong></span> <span class='ocrx_word' id='word_1_857' title='bbox 3022 5072 3084 5118; x_wconf 89' lang='lat' dir='ltr'><strong>tl,</strong></span> <span class='ocrx_word' id='word_1_858' title='bbox 3116 5057 3204 5121; x_wconf 80' lang='grc'>10,</span> <span class='ocrx_word' id='word_1_859' title='bbox 3236 5058 3268 5129; x_wconf 83' lang='grc' dir='ltr'><strong>ἢ</strong></span> <span class='ocrx_word' id='word_1_860' title='bbox 3317 5058 3524 5121; x_wconf 84' lang='grc' dir='ltr'>πόλεως</span> <span class='ocrx_word' id='word_1_861' title='bbox 3553 5059 3651 5131; x_wconf 54' lang='grc' dir='ltr'><strong>εἶ’-¹</strong></span> 
     </span>
    </p>
   </div>
   <div class='ocr_carea' id='block_1_125' title="bbox 2056 5135 3652 5212">
    <p class='ocr_par' dir='ltr' id='par_1_125' title="bbox 2056 5135 3652 5212">
     <span class='ocr_line' id='line_1_125' title="bbox 2056 5135 3652 5212; baseline 0.002 -23"><span class='ocrx_word' id='word_1_862' title='bbox 2056 5135 2245 5200; x_wconf 89' lang='grc' dir='ltr'>δωλον,</span> <span class='ocrx_word' id='word_1_863' title='bbox 2290 5137 2348 5188; x_wconf 83' lang='grc' dir='ltr'>ὲν</span> <span class='ocrx_word' id='word_1_864' title='bbox 2368 5138 2480 5199; x_wconf 76' lang='grc' dir='ltr'>τοῖς</span> <span class='ocrx_word' id='word_1_865' title='bbox 2516 5135 2745 5204; x_wconf 83' lang='grc' dir='ltr'>ἀφανέσι</span> <span class='ocrx_word' id='word_1_866' title='bbox 2779 5137 2877 5207; x_wconf 80' lang='grc' dir='ltr'><strong>μὲν</strong></span> <span class='ocrx_word' id='word_1_867' title='bbox 2901 5139 2995 5192; x_wconf 74' lang='grc' dir='ltr'>καὶ</span> <span class='ocrx_word' id='word_1_868' title='bbox 3022 5140 3325 5208; x_wconf 81' lang='grc' dir='ltr'>ἀνωνύμοις</span> <span class='ocrx_word' id='word_1_869' title='bbox 3354 5138 3652 5212; x_wconf 47' lang='grc' dir='ltr'><strong>ἀπεῤῥιμηῖ</strong></span> 
     </span>
    </p>
   </div>
   <div class='ocr_carea' id='block_1_126' title="bbox 2061 5216 3635 5289">
    <p class='ocr_par' dir='ltr' id='par_1_126' title="bbox 2061 5216 3635 5289">
     <span class='ocr_line' id='line_1_126' title="bbox 2061 5216 3635 5289; baseline 0.003 -18"><span class='ocrx_word' id='word_1_870' title='bbox 2061 5218 2219 5289; x_wconf 79' lang='grc' dir='ltr'>μένη.</span> <span class='ocrx_word' id='word_1_871' title='bbox 2269 5216 2603 5273; x_wconf 82' lang='lat' dir='ltr'><strong>Credehatur</strong></span> <span class='ocrx_word' id='word_1_872' title='bbox 2644 5234 2675 5273; x_wconf 92' lang='lat' dir='ltr'><strong>a</strong></span> <span class='ocrx_word' id='word_1_873' title='bbox 2715 5218 2893 5275; x_wconf 85' lang='lat' dir='ltr'><strong>Sanda</strong></span> <span class='ocrx_word' id='word_1_874' title='bbox 2929 5220 3177 5275; x_wconf 81' lang='lat' dir='ltr'><strong>Herculis</strong></span> <span class='ocrx_word' id='word_1_875' title='bbox 3208 5223 3241 5276; x_wconf 85' lang='lat' dir='ltr'><strong>ti</strong></span> <span class='ocrx_word' id='word_1_876' title='bbox 3266 5224 3314 5277; x_wconf 89' lang='lat' dir='ltr'><strong>iu</strong></span> <span class='ocrx_word' id='word_1_877' title='bbox 3343 5236 3397 5277; x_wconf 90' lang='lat' dir='ltr'><strong>et</strong></span> <span class='ocrx_word' id='word_1_878' title='bbox 3437 5223 3635 5276; x_wconf 83' lang='lat' dir='ltr'><strong>Dama-~</strong></span> 
     </span>
    </p>
   </div>
   <div class='ocr_carea' id='block_1_127' title="bbox 2059 5299 3650 5370">
    <p class='ocr_par' dir='ltr' id='par_1_127' title="bbox 2059 5299 3650 5370">
     <span class='ocr_line' id='line_1_127' title="bbox 2059 5299 3650 5370; baseline 0.004 -15"><span class='ocrx_word' id='word_1_879' title='bbox 2059 5301 2168 5355; x_wconf 87' lang='lat' dir='ltr'><strong>lide</strong></span> <span class='ocrx_word' id='word_1_880' title='bbox 2203 5315 2328 5357; x_wconf 91' lang='lat' dir='ltr'><strong>esse</strong></span> <span class='ocrx_word' id='word_1_881' title='bbox 2361 5301 2525 5355; x_wconf 87' lang='lat' dir='ltr'><strong>dicta.</strong></span> <span class='ocrx_word' id='word_1_882' title='bbox 2553 5299 2697 5357; x_wconf 87' lang='lat' dir='ltr'><strong>Idem</strong></span> <span class='ocrx_word' id='word_1_883' title='bbox 2729 5303 2961 5360; x_wconf 83' lang='lat' dir='ltr'><strong>Basilius</strong></span> <span class='ocrx_word' id='word_1_884' title='bbox 2987 5304 3114 5361; x_wconf 71' lang='grc' dir='ltr'><strong>Μὶν.</strong></span> <span class='ocrx_word' id='word_1_885' title='bbox 3145 5306 3202 5362; x_wconf 88' lang='lat' dir='ltr'><strong>S.</strong></span> <span class='ocrx_word' id='word_1_886' title='bbox 3242 5306 3415 5360; x_wconf 83' lang='lat' dir='ltr'><strong>Tltecl.</strong></span> <span class='ocrx_word' id='word_1_887' title='bbox 3456 5322 3517 5368; x_wconf 88' lang='grc' dir='ltr'>ιι,</span> <span class='ocrx_word' id='word_1_888' title='bbox 3544 5306 3650 5370; x_wconf 75' lang='grc'>15,”</span> 
     </span>
    </p>
   </div>
   <div class='ocr_carea' id='block_1_128' title="bbox 2060 5384 3635 5459">
    <p class='ocr_par' dir='ltr' id='par_1_128' title="bbox 2060 5384 3635 5459">
     <span class='ocr_line' id='line_1_128' title="bbox 2060 5384 3635 5459; baseline 0.001 -20"><span class='ocrx_word' id='word_1_889' title='bbox 2060 5386 2126 5439; x_wconf 88' lang='lat' dir='ltr'><strong>de</strong></span> <span class='ocrx_word' id='word_1_890' title='bbox 2155 5385 2385 5438; x_wconf 85' lang='lat' dir='ltr'><strong>Eusebia</strong></span> <span class='ocrx_word' id='word_1_891' title='bbox 2412 5390 2471 5439; x_wconf 86' lang='lat' dir='ltr'><strong>et</strong></span> <span class='ocrx_word' id='word_1_892' title='bbox 2494 5384 2834 5455; x_wconf 38' lang='lat' dir='ltr'><strong>I’Iyperecbio</strong></span> <span class='ocrx_word' id='word_1_893' title='bbox 2864 5407 2876 5442; x_wconf 88' lang='lat'>:</span> <span class='ocrx_word' id='word_1_894' title='bbox 2906 5389 3013 5442; x_wconf 81' lang='lat' dir='ltr'><strong>Kal.</strong></span> <span class='ocrx_word' id='word_1_895' title='bbox 3040 5390 3147 5459; x_wconf 75' lang='grc' dir='ltr'><strong>γὰρ</strong></span> <span class='ocrx_word' id='word_1_896' title='bbox 3178 5391 3242 5443; x_wconf 83' lang='grc' dir='ltr'>ἐκ</span> <span class='ocrx_word' id='word_1_897' title='bbox 3272 5391 3399 5457; x_wconf 81' lang='grc' dir='ltr'>μιᾶς</span> <span class='ocrx_word' id='word_1_898' title='bbox 3428 5389 3635 5453; x_wconf 80' lang='grc' dir='ltr'>πόλεως</span> 
     </span>
    </p>
   </div>
   <div class='ocr_carea' id='block_1_129' title="bbox 2060 5467 3633 5544">
    <p class='ocr_par' dir='ltr' id='par_1_129' title="bbox 2060 5467 3633 5544">
     <span class='ocr_line' id='line_1_129' title="bbox 2060 5467 3633 5544; baseline 0.004 -24"><span class='ocrx_word' id='word_1_899' title='bbox 2060 5467 2317 5538; x_wconf 83' lang='grc' dir='ltr'>ὥρμηντο</span> <span class='ocrx_word' id='word_1_900' title='bbox 2338 5468 2437 5538; x_wconf 76' lang='grc' dir='ltr'>τῆς</span> <span class='ocrx_word' id='word_1_901' title='bbox 2457 5471 2759 5542; x_wconf 80' lang='grc' dir='ltr'>Δαμαλίδος</span> <span class='ocrx_word' id='word_1_902' title='bbox 2782 5489 2842 5525; x_wconf 82' lang='grc' dir='ltr'>τε</span> <span class='ocrx_word' id='word_1_903' title='bbox 2865 5475 2959 5528; x_wconf 79' lang='grc' dir='ltr'><strong>καὶ</strong></span> <span class='ocrx_word' id='word_1_904' title='bbox 2988 5474 3164 5528; x_wconf 73' lang='grc' dir='ltr'>Σάνδα</span> <span class='ocrx_word' id='word_1_905' title='bbox 3180 5472 3272 5526; x_wconf 81' lang='grc' dir='ltr'><strong>τοῦ</strong></span> <span class='ocrx_word' id='word_1_906' title='bbox 3304 5474 3633 5544; x_wconf 78' lang='grc' dir='ltr'>Ἡρακλέους</span> 
     </span>
    </p>
   </div>
   <div class='ocr_carea' id='block_1_130' title="bbox 2060 5551 3636 5624">
    <p class='ocr_par' dir='ltr' id='par_1_130' title="bbox 2060 5551 3636 5624">
     <span class='ocr_line' id='line_1_130' title="bbox 2060 5551 3636 5624; baseline 0.003 -19"><span class='ocrx_word' id='word_1_907' title='bbox 2060 5551 2154 5605; x_wconf 89' lang='grc' dir='ltr'><strong>τοῦ</strong></span> <span class='ocrx_word' id='word_1_908' title='bbox 2184 5554 2613 5623; x_wconf 85' lang='grc' dir='ltr'>’Λμφιτρύωνος.</span> <span class='ocrx_word' id='word_1_909' title='bbox 2649 5556 2730 5610; x_wconf 82' lang='lat' dir='ltr'><strong>Ad</strong></span> <span class='ocrx_word' id='word_1_910' title='bbox 2770 5557 2909 5611; x_wconf 83' lang='lat' dir='ltr'><strong>hanc</strong></span> <span class='ocrx_word' id='word_1_911' title='bbox 2946 5560 3088 5612; x_wconf 88' lang='lat' dir='ltr'><strong>enim</strong></span> <span class='ocrx_word' id='word_1_912' title='bbox 3121 5561 3308 5613; x_wconf 88' lang='lat' dir='ltr'><strong>urbem</strong></span> <span class='ocrx_word' id='word_1_913' title='bbox 3350 5575 3415 5611; x_wconf 88' lang='lat' dir='ltr'><strong>ea</strong></span> <span class='ocrx_word' id='word_1_914' title='bbox 3464 5556 3636 5624; x_wconf 81' lang='lat' dir='ltr'><strong>perti-</strong></span> 
     </span>
    </p>
   </div>
   <div class='ocr_carea' id='block_1_131' title="bbox 2060 5638 3631 5705">
    <p class='ocr_par' dir='ltr' id='par_1_131' title="bbox 2060 5638 3631 5705">
     <span class='ocr_line' id='line_1_131' title="bbox 2060 5638 3631 5705; baseline -0.003 -10"><span class='ocrx_word' id='word_1_915' title='bbox 2060 5651 2190 5695; x_wconf 88' lang='lat' dir='ltr'><strong>nere</strong></span> <span class='ocrx_word' id='word_1_916' title='bbox 2220 5652 2342 5691; x_wconf 89' lang='lat' dir='ltr'><strong>cum</strong></span> <span class='ocrx_word' id='word_1_917' title='bbox 2384 5638 2466 5691; x_wconf 88' lang='lat' dir='ltr'><strong>Ti.</strong></span> <span class='ocrx_word' id='word_1_918' title='bbox 2512 5639 2925 5696; x_wconf 86' lang='lat' dir='ltr'><strong>Hetnsterhusio</strong></span> <span class='ocrx_word' id='word_1_919' title='bbox 2961 5640 3234 5705; x_wconf 78' lang='lat' dir='ltr'><strong>existimo,</strong></span> <span class='ocrx_word' id='word_1_920' title='bbox 3265 5658 3367 5695; x_wconf 91' lang='lat' dir='ltr'><strong>non</strong></span> <span class='ocrx_word' id='word_1_921' title='bbox 3396 5645 3459 5695; x_wconf 85' lang='lat' dir='ltr'><strong>ad</strong></span> <span class='ocrx_word' id='word_1_922' title='bbox 3494 5640 3631 5694; x_wconf 80' lang='lat' dir='ltr'><strong>&#39;l‘ar-</strong></span> 
     </span>
    </p>
   </div>
   <div class='ocr_carea' id='block_1_132' title="bbox 2067 5710 3649 5790">
    <p class='ocr_par' dir='ltr' id='par_1_132' title="bbox 2067 5710 3649 5790">
     <span class='ocr_line' id='line_1_132' title="bbox 2067 5710 3649 5790; baseline -0.001 -13"><span class='ocrx_word' id='word_1_923' title='bbox 2067 5738 2206 5789; x_wconf 85' lang='lat' dir='ltr'><strong>sum,</strong></span> <span class='ocrx_word' id='word_1_924' title='bbox 2241 5736 2361 5790; x_wconf 70' lang='lat' dir='ltr'><strong>qum</strong></span> <span class='ocrx_word' id='word_1_925' title='bbox 2395 5720 2560 5777; x_wconf 74' lang='lat' dir='ltr'><strong>Ileur.</strong></span> <span class='ocrx_word' id='word_1_926' title='bbox 2595 5721 2786 5779; x_wconf 86' lang='lat' dir='ltr'><strong>Valcsii</strong></span> <span class='ocrx_word' id='word_1_927' title='bbox 2824 5724 2876 5778; x_wconf 88' lang='lat' dir='ltr'><strong>in</strong></span> <span class='ocrx_word' id='word_1_928' title='bbox 2910 5726 3178 5780; x_wconf 78' lang='lat' dir='ltr'><strong>Atntnian.</strong></span> <span class='ocrx_word' id='word_1_929' title='bbox 3212 5727 3277 5780; x_wconf 76' lang='lat' dir='ltr'>H</span> <span class='ocrx_word' id='word_1_930' title='bbox 3309 5730 3339 5781; x_wconf 88' lang='lat'><strong>8</strong></span> <span class='ocrx_word' id='word_1_931' title='bbox 3365 5736 3476 5780; x_wconf 82' lang='lat' dir='ltr'><strong>erat</strong></span> <span class='ocrx_word' id='word_1_932' title='bbox 3512 5710 3649 5777; x_wconf 34' lang='lat' dir='ltr'><strong>seu:</strong></span> 
     </span>
    </p>
   </div>
  </div>
