3980 6210
421 283 561 348 1167

423 399 586 454 tentia
619 396 758 450 :etsi
798 395 939 449 enim
981 393 1253 449 Ammiani
1285 394 1504 450 Sandan
1546 396 1644 449 viri
1687 395 1986 450 doctissimi

415 479 652 548 opinioni
704 477 1097 547 quodammodo
1137 478 1534 545 patrocinetur,
1589 480 1773 531 obstat
1813 488 1989 529 tamen

418 563 675 626 Damalis,
708 577 826 630 qua:
858 576 980 614 eum
1030 559 1209 614 Sanda
1258 561 1546 631 conjuncta
1588 562 1991 632 Δαμαλισανδδν

417 655 470 697 et
500 653 775 699 eontracte
803 643 1127 696 Δαλισανδὸν
1159 643 1355 718 format
1386 662 1397 697 :
1427 658 1493 697 ne
1522 644 1697 698 dicam
1736 645 1989 699 Basilium

420 728 571 781 Tarsi
610 741 730 779 cum
759 727 1006 780 meminit
1049 741 1263 794 semper
1296 727 1520 783 honoris
1555 728 1739 781 titulos
1772 728 1990 790 addere,

423 819 479 863 ut
505 808 622 863 Vit.
645 808 904 863 Tltecltel
939 825 990 877 ιι.
1019 809 1126 862 2'75
1151 810 1362 879 Τάρσος
1404 811 1437 880 ἡ
1471 809 1631 877 καλὴ,
1669 810 1704 862 2
1740 810 1862 877 1οή
1897 825 1992 876 μεθ

419 891 581 962 γάλη,
606 899 660 947 et
687 892 752 944 I3
779 893 811 961 ἡ
842 891 1025 945 κάλλει
1055 894 1150 945 καὶ
1183 891 1402 961 μεγέθει
1433 893 1662 962 λαμπρὰ
1692 893 1786 943 καὶ
1816 889 1993 944 εὐδαί-

422 992 556 1043 μων.
590 975 668 1027 Ad
707 974 828 1039 hoc,
861 974 1010 1028 urbis
1039 975 1181 1044 apud
1218 973 1476 1028 Basilittm
1506 974 1757 1026 conditor
1783 972 1991 1023 Saudas

419 1058 665 1112 Herculis
694 1059 835 1112 lilitts
858 1057 976 1122 l'ttit,
1000 1074 1120 1111 cum
1149 1058 1413 1111 Ammiani
1441 1056 1660 1109 Sandan
1690 1072 1753 1108 ex
1776 1053 1992 1108 [Ethio-

416 1142 500 1210 pia
526 1143 596 1195 sit
628 1142 923 1209 prolectus,
952 1142 1032 1194 vir
1058 1142 1346 1209 opulentus
1366 1148 1420 1192 et
1449 1139 1663 1201 nobilis,
1690 1149 1744 1191 et
1769 1138 1991 1189 diversae

416 1234 699 1293 propterea
759 1224 986 1294 originis
1041 1224 1306 1277 videatur.
1365 1222 1515 1288 Quod
1572 1231 1748 1274 tamen
1799 1233 1991 1287 urgere

420 1306 606 1369 nolim,
637 1321 757 1359 cum
786 1307 839 1358 in
873 1307 1094 1358 heroum
1126 1319 1323 1373 genere
1365 1317 1545 1360 secum
1576 1303 1806 1355 invicem
1853 1315 1992 1366 saepe

421 1388 741 1442 dissentiant
781 1398 1021 1446 veteres;
1080 1396 1224 1439 certe
1267 1402 1371 1439 non
1420 1386 1709 1437 laudavere
1747 1397 1843 1436 nec
1888 1381 1993 1434 Va-

419 1468 561 1531 Iesii,
600 1469 689 1537 qui
735 1484 834 1537 pro
868 1484 930 1521 ex
970 1467 1269 1532 Aftltt'opio,
1304 1467 1555 1535 quoniam
1608 1479 1740 1518 mss.
1774 1463 1990 1533 quidam

418 1568 483 1604 ea:
518 1550 710 1603 Αξίίίιὶο
752 1552 1019 1613 scribunt,
1060 1566 1124 1603 ex
1170 1549 1302 1604 Chio
1349 1551 1618 1618 profectus
1663 1547 1989 1610 emendavit,

419 1644 695 1697 conatum,
742 1646 841 1688 nec
869 1631 1123 1687 Gronovii
1165 1648 1229 1685 ea:
1270 1631 1528 1684 .Ilrtarhio
1566 1630 1649 1683 vcl
1699 1629 1993 1683 Metarltoio

419 1716 767 1784 corrigentis.
798 1714 1007 1769 Sandes
1044 1715 1187 1770 enim
1218 1716 1334 1768 sive
1377 1712 1635 1768 llercules
1663 1726 1757 1765 seu
1792 1711 1995 1766 llercu-

418 1798 487 1853 lis
515 1799 656 1854 lilius
685 1797 999 1868 peregrinus
1026 1799 1147 1863 fuit,
1184 1805 1240 1852 et
1280 1812 1342 1851 ex
1384 1796 1588 1851 ultimis
1639 1795 1801 1850 Indiae
1838 1796 1992 1864 locis,

418 1897 581 1944 quam
609 1897 729 1937 cum
765 1880 1036 1949 {Ethiopia
1069 1896 1212 1950 Stepe
1244 1880 1561 1949 permisceri
1591 1890 1777 1933 notum
1804 1888 1912 1943 est,
1941 1881 1993 1933 in

419 1965 659 2019 Ciliciam
692 1964 905 2018 invasit.
939 1963 1206 2018 Docetnur
1236 1966 1334 2017 hoc
1360 1962 1605 2017 a‘Nonno
1628 1962 1698 2017 54
1723 1961 1844 2026 196,
1871 1976 1994 2016 cum

418 2046 754 2111 Morrheunt,
815 2045 1066 2100 Indorum
1121 2046 1261 2115 regis
1318 2060 1573 2116 generum
1622 2054 1678 2101 et
1721 2048 1993 2115 copiarum

417 2133 633 2194 ducem,
669 2129 911 2184 Ciciliam
941 2130 1217 2183 domuisse
1246 2144 1308 2183 ac
1348 2128 1583 2183 Saudam
1632 2129 1761 2183 inibi
1814 2130 1996 2199 appel-

420 2212 518 2265 lari
574 2214 823 2282 perhibet
871 2231 882 2265 :
926 2212 1090 2266 ’Ὀθεν
1151 2213 1396 2266 Κιλίκων
1449 2214 1529 2266 ὲνὶ
1595 2212 1726 2285 γαίῃ
1790 2212 1996 2284 Σάνδης

427 2296 738 2367 Ἠρακλέης
787 2296 1138 2365 κικλήσκεται
1174 2296 1339 2349 εἰσέτι
1389 2296 1661 2367 Μόρρευς,
1704 2295 1829 2361 ubi,
1865 2305 1923 2351 ut
1966 2309 1996 2349 a

421 2378 734 2434 doctissimo
757 2378 960 2433 Canae
988 2378 1116 2448 quid
1151 2387 1475 2443 mutaretur,
1503 2378 1640 2432 nihil
1672 2377 1848 2433 fuerat
1894 2392 1995 2433 ne-

419 2476 592 2523 cesse,
646 2460 720 2514 ttti
762 2474 861 2515 nec
899 2460 969 2515 ah
1007 2459 1286 2515 IIarduiuo
1335 2461 1389 2515 in
1424 2460 1583 2515 Plinii
1616 2461 1648 2515 6
1686 2460 1799 2515 20:
1834 2458 1996 2516 ludus

420 2543 564 2596 enim
590 2542 805 2605 ﬂuvius,
830 2542 1021 2599 incolis
1046 2540 1259 2598 Sandus
1284 2543 1603 2611 appellatus,
1626 2541 1841 2597 Herculi
1873 2543 1997 2598 huic

418 2625 605 2680 Indico
633 2625 846 2680 videtur
873 2627 1067 2681 merito
1097 2626 1456 2695 cognominis.
1480 2623 1591 2680 Nec
1621 2625 1766 2679 Indis
1788 2634 1995 2680 tantum

422 2709 627 2763 Sandes
658 2708 712 2762 in
749 2708 954 2762 honore
985 2716 1124 2771 erat,
1160 2722 1345 2761 verum
1375 2716 1429 2761 et
1470 2707 1673 2773 Persis,
1702 2722 1837 2777 quos
1862 2709 2001 2778 Aga-

420 2793 586 2856 thias,
600 2791 756 2861 cujus
772 2791 901 2844 mihi
921 2792 1175 2845 indicium
1191 2789 1318 2846 fecit
1332 2788 1771 2846 llemsterhnsius
1786 2802 1997 2858 noster,

419 2874 474 2939 2,
506 2889 557 2942 p.
582 2874 651 2927 62
681 2872 964 2927 Herculem
1024 2872 1241 2926 Sanden
1299 2888 1607 2941 nuncupare
1650 2873 1993 2929 teStiﬁcatur.

422 2957 607 3024 Itaque
637 2956 738 3010 sia
776 2954 1054 3009 Damalide
1109 2964 1164 3010 et
1199 2953 1378 3009 Sanda
1421 2954 1745 3010 Dalisandus
1782 2957 1873 3024 sit,
1907 2957 1993 3011 vix

390 3072 393 3073 ν
423 3041 553 3093 mihi
588 3039 898 3107 persuaderi
933 3039 1111 3108 patior
1137 3038 1446 3092 Λαλίσανδα
1471 3038 1657 3093 urbem
1690 3039 1880 3103 fuisse,
1907 3051 1992 3095 ta-

422 3121 581 3175 metsi
613 3130 803 3177 testem
836 3122 966 3177 citet
1006 3120 1310 3190 Stephanus
1338 3122 1674 3191 Capitonem.
1707 3125 1742 3177 I.
1778 3140 1792 3176 ι
1837 3122 1997 3178 Isau-

379 3207 692 3270 -ricorum,
742 3220 980 3274 unquam
1042 3205 1266 3259 dictam.
1328 3203 1463 3259 Novi
1509 3205 1636 3274 quid
1689 3204 1998 3262 Victorinus

420 3287 721 3342 Gramtuat.
754 3302 807 3357 p.
852 3287 1019 3353 2179,
1053 3287 1182 3356 quid
1214 3287 1303 3340 alii
1347 3290 1414 3341 de
1453 3288 1496 3340 A
1542 3298 1595 3341 et
1625 3291 1662 3339 Δ
1708 3290 1849 3344 inter
1878 3304 1999 3346 sese

421 3370 768 3424 commutatis
789 3369 1107 3436 scripserint
1134 3388 1146 3421 :
1170 3369 1262 3422 sed
1288 3368 1391 3421 alia
1416 3368 1504 3422 hic
1521 3377 1576 3422 et
1601 3370 1766 3424 multo
1787 3372 1996 3424 diversa

419 3463 504 3507 est
537 3452 712 3506 ratio:
747 3466 920 3520 neque
949 3452 1093 3504 enim
1132 3451 1388 3520 Damalin)
1416 3460 1469 3503 et
1505 3450 1766 3505 Lamalim
1796 3453 1998 3508 dixisse

404 3534 677 3588 credibile
706 3542 811 3587 est.
844 3532 1029 3586 Potius
1069 3531 1308 3603 arbitror
1344 3532 1398 3585 in
1441 3530 1717 3599 Capitonis
1751 3532 1997 3590 lsauricis

392 3615 853 3671 conformatione
892 3613 1194 3668 litterarum
1246 3615 1285 3665 Δ
1331 3621 1385 3667 et
1412 3614 1455 3665 A
1486 3628 1696 3669 errasse
1724 3614 1995 3683 librarios,

419 3714 594 3771 caque
645 3699 856 3754 ratione
878 3684 1182 3750 Δαλίσανδα
1207 3711 1327 3752 esse
1354 3705 1500 3752 nata.

495 3784 613 3839 Col.
651 3783 774 3839 152.
818 3781 1349 3850 Γερμανικόπολις.
1382 3778 1527 3835 Inter
1564 3780 1787 3838 Isauria:
1830 3785 1998 3841 medi-

425 3874 704 3921 terraneas
730 3864 1117 3941 Constantinus
1154 3863 1188 3918 Ι.
1216 3879 1254 3930 ι,
1281 3864 1424 3919 them
1449 3864 1516 3917 15
1546 3865 1704 3919 locat.
1738 3866 1997 3937 Γερμανι·

426 3950 683 4012 κυύπολις
728 3950 826 4019 τῆς
859 3948 1132 4018 Ἰσαυρίας
1183 3947 1379 4002 concil.
1413 3946 1741 4002 Chalcedon.
1776 3964 1828 4018 p.
1870 3949 1994 4006 659.

493 4032 623 4086 Ibid.
658 4032 1078 4099 Είρηνόπολις.
1105 4029 1490 4099 Distinguenda
1518 4030 1630 4083 hinc
1662 4039 1744 4083 est
1766 4032 1834 4084 ab
1853 4031 1994 4100 ejus-

422 4115 543 4168 dem
592 4114 823 4169 nominis
858 4114 912 4167 in
942 4112 1129 4168 Cilicia
1166 4111 1401 4167 secunda
1439 4112 1599 4176 urbe,
1658 4120 1716 4164 ιιι
1751 4113 1993 4169 studiose

421 4198 483 4250 tit
507 4197 559 4250 in
586 4195 1001 4264 Constantinop.
1031 4196 1270 4250 secundo
1299 4211 1353 4264 p.
1387 4194 1493 4248 670
1534 4203 1587 4248 et
1613 4195 1708 4248 67l
1739 4211 1751 4247 :
1788 4211 1910 4249 nam
1939 4208 1994 4251 et

420 4280 620 4334 Paulus
650 4279 1092 4353 Εἰρηνουπὸλεως
1145 4280 1244 4348 τῆς
1290 4277 1546 4349 δευτέρας
1603 4278 1712 4331 τῶν
1756 4280 1995 4334 Κιλίκων

418 4362 688 4432 ἐπαρχίας
734 4372 789 4416 et
825 4361 1089 4430 Georgius
1128 4359 1569 4429 Είρηνουπόλεω;
1603 4362 1703 4430 τῆς
1735 4361 1994 4433 Ἰσαύρων

418 4444 687 4514 ἐπαρχίας
716 4444 1082 4499 subscribunt.
1140 4441 1369 4497 Basilius
1405 4442 1596 4496 Miror.
1642 4443 1701 4496 S.
1752 4442 1928 4499 Thecl.
1959 4445 1994 4497 '2

416 4527 486 4581 18
523 4527 622 4598 τὴν
662 4526 785 4580 καθ’
816 4528 961 4597 ἡμᾶς
993 4525 1403 4596 Εἱρηνούπολιν,
1459 4533 1515 4577 ιιι
1548 4540 1579 4578 a
1612 4525 1815 4580 Cilicia:
1858 4528 1991 4581 urbe

416 4611 736 4680 distinguat,
762 4620 1059 4677 nuncupat.

488 4692 623 4748 Ibid.
675 4691 1092 4760 Φιλαδέλφεια.
1152 4690 1245 4745 Est
1280 4690 1330 4744 in
1357 4688 1645 4765 Ptolemaeo
1674 4696 1728 4743 et
1764 4691 1992 4746 concilio

411 4772 747 4829 Chalcedon.
784 4789 837 4843 p.
867 4773 1005 4839 659;
1050 4782 1365 4842 sequentem
1399 4772 1579 4843 legere
1610 4789 1715 4827 non
1749 4775 1990 4832 memini.

415 4857 590 4912 Ilabet
625 4856 934 4926 Stephanus
963 4855 1182 4911 Isauria:
1217 4856 1403 4910 urbem
1435 4854 1685 4920 Μονόϐας
1723 4871 1789 4911 ex
1817 4856 1991 4927 Capi—

411 4951 541 4995 tone
559 4956 720 5010 quam
746 4948 986 4995 nostram
1002 4953 1125 4993 esse
1156 4952 1261 4992 non
1288 4938 1530 4992 linivero.

460 5021 619 5076 ~Ibid.
651 5022 943 5090 Δαρασός.
974 5019 1107 5075 Puto
1131 5018 1383 5075 Carolum
1406 5034 1434 5072 a
1458 5018 1516 5075 S.
1537 5018 1704 5073 Paulo
1729 5020 1990 5091 Ἀδρασὸν

415 5115 565 5158 recte
615 5104 941 5159 correxisse.
997 5101 1307 5171 Stephanus
1360 5101 1569 5166 πόλεως
1597 5102 1862 5173 Ἀδρασοῦ
1891 5104 1990 5173 τῆς

409 5186 679 5256 -Ἶσαύρων
748 5186 1038 5260 ἐπαρχίας.
1099 5199 1218 5239 eam
1285 5185 1514 5249 urbem,
1555 5184 1693 5238 male
1754 5185 1806 5238 itt
1857 5184 1989 5239 Geo-

415 5271 637 5338 graphie
655 5268 717 5324 S.
749 5271 1072 5340 neglectam,
1094 5267 1320 5337 requirit
1342 5266 1554 5322 Coneil.
1572 5266 1985 5337 Constantinop.

407 5362 539 5406 aeut.
568 5366 623 5423 ρ.
654 5353 779 5407 671.

488 5434 624 5489 “ml.
648 5435 854 5501 Ζεέδη.
879 5433 1041 5503 Σὸίδη
1083 5431 1203 5487 aliis
1223 5432 1465 5500 Notitiis,
1496 5433 1622 5502 Βίδη
1659 5432 1983 5489 Chalcedon.

416 5514 639 5582 Synodo
660 5533 712 5586 p.
746 5517 873 5571 674.

492 5598 622 5650 Ibid.
672 5601 990 5666 Νεὰπολις.
1044 5601 1119 5655 De
1168 5602 1268 5657 hac
1296 5599 1430 5655 nihil
1472 5598 1685 5663 dixero,
1721 5599 1822 5653 nisi
1861 5598 1986 5653 Stti-

411 5678 539 5730 dant
566 5676 682 5744 ejus
714 5682 870 5737 nobis
900 5684 1214 5739 memoriam
1242 5697 1490 5741 servasse
1523 5684 1574 5737 in
1611 5682 1874 5745 ἰνδκκοςο

1440 281 1822 344 ADDENDA.
1865 305 1934 314 -
1961 279 2028 339 P.
2052 278 2582 357 ‘WESSELINGII

3522 278 3669 346 “68

2172 391 2309 445 Ibid.
2346 390 2667 456 Λαύζὶιόος.
2712 389 2786 443 Ita
2836 387 3228 443 Constantinus
3275 387 3365 443 lib.
3402 407 3443 455 ι,
3493 394 3665 450 them.

2096 474 2189 536 15,
2232 475 2318 527 ubi
2344 490 2463 528 eam
2498 476 2551 528 in
2595 472 2810 527 Isauria:
2854 469 3270 525 mediterraneis
3322 473 3488 528 fuisse
3516 478 3666 530 aitir-

2095 568 2224 612 Illi“.

2166 640 2297 692 Ibid.
2369 637 2503 690 Ὑπὸ
2575 634 3041 702 κογσουλάριον.
3112 633 3377 705 Inscripta
3452 650 3536 694 est
3587 643 3667 701 ὅτι.

2093 719 2467 791 Chrysostomi
2501 721 2659 789 epist.
2691 719 2794 773 159
2833 716 3119 772 Theodoro
3160 717 3263 788 τῆς
3308 721 3513 791 Συρίας
3547 741 3673 777 κον-

2098 801 2388 871 σουλαρίῳ.
2436 799 2565 856 Vide
2596 812 2650 855 et
2672 799 2792 855 Jac.
2819 798 3212 854 Gothofrcdum
3245 803 3297 855 in
3329 803 3367 855 ί.
3401 804 3457 858 11
3487 822 3544 859 ε.
3570 805 3669 861 Th.

2094 886 2158 937 de
2195 882 2472 937 Cohortal.

2166 965 2296 1019 Ibid.
2339 965 2676 1035 Ἀντιόχεια.
2725 963 2902 1020 Cteles
2954 965 3123 1036 Syria:
3147 968 3465 1036 metropolin
3500 986 3675 1039 agno-

2095 1057 2250 1102 scunt
2275 1062 2484 1101 omnes.
2543 1048 2676 1103 Vide
2724 1046 3110 1116 Spanltemium
3165 1048 3386 1103 Disserl.
3418 1052 3453 1106 9
3478 1056 3553 1106 de
3576 1071 3671 1107 usit

2095 1140 2143 1183 et
2177 1139 2357 1196 prwst.
2393 1131 2557 1183 Num.
2594 1146 2649 1199 p.
2675 1131 2796 1186 586.
2822 1131 2959 1187 Hinc
2985 1131 3225 1202 Eunapio
3260 1135 3314 1187 in
3367 1133 3605 1191 Libanio
3641 1141 3671 1206 tl)

2094 1212 2194 1278 τῆς
2223 1210 2768 1283 κοίληςκαλουμένης
2788 1214 2988 1283 Συρίας
3018 1214 3207 1285 πρώτη
3234 1216 3462 1275 πόλεων.
3493 1218 3669 1284 Quam

2096 1292 2170 1372 illi
2211 1295 2527 1363 dignitatem
2557 1294 2896 1350 Theodosius
2929 1296 3137 1364 primus
3166 1300 3235 1351 ob
3284 1308 3481 1353 motam
3529 1303 3669 1354 sedi-

2096 1376 2317 1440 tionem,
2357 1392 2580 1447 prorsus
2612 1378 2809 1431 utolitn
2834 1378 3067 1432 Severus
3091 1379 3409 1447 imperator,
3449 1382 3667 1436 abstulit

2096 1467 2145 1509 et
2176 1456 2458 1513 Laodiceae
2486 1461 2849 1528 transcripsit,
2888 1468 3023 1515 teste
3048 1458 3392 1516 Theodoreto
3432 1462 3502 1516 ΙΙ.
3547 1462 3610 1519 E.
3640 1466 3672 1517 5

2094 1540 2290 1606 20,cui
2331 1543 2601 1613 egregiam
2641 1544 2727 1599 .Io.
2775 1543 3195 1614 Cbrysostomns
3244 1545 3481 1600 Homilia
3512 1549 3578 1600 17
3606 1552 3673 1602 ad

2095 1624 2417 1679 Antioclten.
2460 1639 2510 1693 p.
2554 1625 2659 1679 I75
2686 1626 2817 1681 edit.
2852 1640 2977 1680 nov.
3009 1626 3182 1681 lucem
3221 1626 3379 1682 feret.

2167 1706 2299 1760 Ibid.
2327 1710 2665 1763 Σελεύκεια.
2699 1709 2918 1763 Auctori
2955 1709 3047 1763 lib.
3088 1708 3105 1761 I
3139 1709 3376 1764 Macrob.
3425 1727 3473 1765 e.
3515 1714 3573 1766 11
3627 1715 3661 1767 8

2098 1791 2387 1844 Σελεύκεια
2438 1791 2875 1862 παραθαλασσία,
2942 1792 3098 1860 cujus
3156 1794 3317 1848 situm
3373 1802 3667 1850 accuratis-

2097 1876 2234 1930 sime
2265 1876 2551 1946 descripsit
2584 1876 2837 1947 Polybius
2865 1877 2899 1931 5
2929 1876 3019 1931 59.
3054 1875 3311 1931 Libanius
3339 1880 3434 1948 τήν
3474 1881 3667 1933 Σελεύ-

2098 1976 2195 2012 κου
2224 1959 2481 2028 appellat,
2526 1962 2678 2028 quod
2707 1975 2830 2014 cum
2864 1974 2971 2014 non
3019 1960 3463 2015 animadverteret
3493 1964 3667 2019 inter-

2097 2056 2240 2107 pres,
2268 2044 2496 2111 turpiter
2514 2043 2700 2113 lapsus
2723 2051 2808 2096 est
2832 2043 2883 2096 in
2912 2043 3222 2096 Antiochiae
3261 2059 3312 2113 p.
3342 2043 3572 2109 563,th
3595 2049 3661 2099 ὲκ

2096 2125 2194 2193 τῆς
2225 2124 2487 2178 Σελεύκου
2510 2125 2774 2197 τύραννον
2824 2125 2925 2194 (sic
2953 2125 3099 2179 enim
3142 2126 3359 2195 scripsit
3379 2125 3662 2196 Libanius)

2099 2216 2381 2277 tyrannum
2415 2225 2448 2262 a
2480 2207 2695 2263 Seleuco
2733 2218 2972 2263 vertens.
3010 2207 3279 2276 Ettgenius
3323 2208 3667 2280 intelligitur,

2094 2291 2187 2360 qui
2216 2290 2509 2358 Seleuciae,
2534 2306 2656 2346 cum
2711 2292 2938 2362 imperio
2978 2290 3339 2347 Diocletianus
3389 2307 3667 2361 praeesset,

2100 2374 2433 2445 tyrannidem
2490 2376 2798 2440 invaserat;
2832 2390 2944 2446 quo
2993 2376 3058 2429 de
3110 2376 3349 2445 egregie,
3395 2387 3455 2430 ιιι
3510 2379 3661 2440 solet,

2098 2455 2261 2512 Henr.
2288 2457 2532 2514 Valesius
2579 2458 2632 2512 in
2661 2456 2876 2513 Eusebii
2913 2457 2985 2512 Η.
3023 2456 3090 2510 E.
3127 2460 3160 2512 8
3205 2457 3259 2511 6.
3282 2458 3348 2513 Et
3376 2460 3661 2514 Seleucen-

2096 2540 2234 2595 sium
2254 2542 2458 2595 nummi
2489 2549 2750 2611 superant
2771 2541 2975 2609 plures,
2995 2555 3028 2596 e
3045 2541 3239 2604 quibus
3268 2541 3356 2597 hic
3371 2542 3663 2599 GazaeWil—

2097 2623 2272 2677 dianae
2301 2624 2567 2679 notandus
2594 2634 2714 2679 est:
2748 2624 3031 2678 ΑΥΤΟΚΡ
3055 2662 3071 2677 .
3100 2661 3115 2678 .
3144 2664 3181 2679 ..
3222 2625 3379 2679 ΝΕΡ.
3435 2628 3659 2680 ΤΡΔΙΑ-

2097 2707 2253 2763 NOC.
2284 2708 2509 2763 APICT.
2543 2707 2697 2765 (ΖΕΒ.
2742 2708 2950 2762 ΓΕΡΜ.
3011 2710 3173 2762 ΔΑΚ.
3226 2719 3282 2764 et
3307 2720 3463 2780 parte
3502 2712 3662 2765 altera

2098 2789 2533 2846 ΣΕΛΕΥΚΕΩΝ.
2582 2790 2926 2846 ﬂEIEPIAC.
2956 2790 3019 2844 Β.
3055 2805 3179 2845 cum
3214 2793 3412 2862 templo
3437 2804 3668 2862 quatuor

2098 2871 2364 2926 columnis
2392 2870 2637 2939 sulIulto,
2666 2874 2720 2928 in
2743 2873 2904 2942 cujus
2927 2871 3104 2928 medio
3131 2886 3307 2936 mons,
3342 2874 3480 2928 inira
3504 2891 3663 2944 quem

2098 2953 2272 3007 ΖΕΥΟ
2304 2954 2573 3010 ΚΑΣΙΟΟ.
2595 2955 2731 3010 Iluic
2752 2954 2983 3011 similem
3014 2958 3069 3009 in
3097 2953 3249 3010 Tim.
3279 2953 3488 3011 Frider.
3516 2974 3565 3013 c.
3599 2958 3668 3011 IX

2098 3038 2161 3091 11
2189 3053 2310 3092 cum
2341 3042 2378 3090 A
2406 3048 2463 3093 et
2494 3038 2548 3092 itt
2575 3038 2739 3092 Nutu.
2782 3037 2957 3108 lmpp.
2995 3034 3164 3093 Gneo.
3202 3038 3472 3095 Vaillantii
3506 3058 3557 3111 p.
3598 3042 3672 3096 50

2099 3134 2220 3175 cum
2256 3127 2381 3175 nota
2412 3121 2614 3175 senarii
2642 3120 2920 3189 reperies;
2958 3135 3079 3191 qua:
3103 3121 3295 3177 litterae
3316 3139 3417 3178 nec
3448 3122 3666 3194 Trajani

2100 3217 2268 3257 annos
2294 3202 2548 3274 (obstant
2575 3203 2776 3273 quippe
2814 3203 2998 3259 Dacici
3042 3213 3206 3273 atque
3238 3203 3439 3274 Optimi
3485 3207 3669 3273 tituli)

2100 3301 2199 3341 nec
2224 3301 2417 3352 novam
2451 3287 2746 3358 designant
2771 3301 2961 3354 seram,
2989 3287 3147 3357 cujus
3184 3288 3393 3343 initium
3424 3300 3668 3359 repeten-

2101 3372 2225 3423 dutn
2269 3371 2403 3426 l‘oret
2428 3386 2456 3424 a
2483 3369 2704 3441 Trajani
2728 3372 2952 3441 pietate,
3009 3385 3171 3439 qttam
3197 3370 3314 3425 Jovi
3334 3372 3494 3427 Casio
3522 3375 3575 3427 in
3600 3375 3671 3429 iis

2100 3451 2343 3516 partibus
2372 3451 2834 3522 probaverit,qua:
2861 3453 2930 3508 cl.
2960 3453 3127 3508 Liebe
3143 3454 3398 3508 sententia
3425 3470 3438 3504 :
3474 3465 3661 3509 vetant

2098 3531 2470 3587 Bermensium
2502 3536 2729 3599 nttmmi,
2756 3534 2947 3589 iisdem
2969 3533 3186 3607 Trajani
3205 3536 3370 3589 titulis
3393 3537 3658 3607 inscripti,

2100 3616 2242 3671 inter
2301 3614 2614 3682 Wildianos,
2671 3633 2901 3687 quorum
2964 3634 3105 3675 unus
3167 3620 3546 3677 BEPOIAIQN.
3601 3623 3666 3682 Β,

2100 3698 2236 3751 alter
2258 3697 2319 3761 I‘,
2358 3699 2566 3765 tertius,
2611 3714 2772 3770 quem
2806 3702 2888 3754 vir
2937 3703 3189 3771 egregius
3228 3701 3426 3776 Select.
3456 3702 3669 3758 Numis.

2100 3782 2210 3835 tab.
2250 3779 2388 3835 XVII
2448 3781 2707 3851 vulgavit,
2753 3785 2808 3837 Η
2844 3780 3083 3854 praefert,
3135 3792 3191 3840 ct
3231 3783 3663 3840 Chalcidensium

2100 3863 2238 3931 apud
2274 3862 2616 3918 Vaillantium
2658 3880 2779 3919 cum
2835 3865 3006 3936 signis
3033 3868 3078 3918 A
3115 3870 3253 3921 etA.
3308 3867 3491 3937 Neque
3520 3871 3661 3923 enim

2100 3954 2251 4014 pulo,
2283 3945 2371 3999 vir
2396 3947 2590 4000 doctus
2614 3946 2970 4002 arbitrabitur
2993 3948 3059 4002 ad
3093 3964 3281 4004 omnes
3312 3949 3483 4020 Syriae
3509 3954 3668 4005 urbes

2097 4044 2216 4081 eam
2268 4043 2430 4082 teram
2488 4030 2811 4098 pervasisse,
2845 4040 2899 4086 et
2936 4033 3136 4101 passim
3196 4031 3361 4102 Syros
3412 4050 3476 4089 ex
3522 4039 3660 4089 cultu

2098 4108 2242 4165 Casii
2290 4113 2429 4180 apud
2482 4110 2857 4169 Seleucienses
2906 4114 3057 4171 Jovis
3077 4130 3251 4171 annos
3299 4117 3405 4172 sub
3435 4116 3656 4187 Trajano

2100 4209 2434 4251 numerasse.
2486 4196 2647 4253 Forte
2675 4199 2859 4255 verius
2904 4201 3324 4255 monetariorum
3381 4215 3517 4257 none
3544 4220 3658 4256 crc-

2097 4276 2317 4342 dentur,
2375 4280 2532 4336 nobis
2584 4296 2727 4336 nunc
2756 4282 2974 4352 ignotae.
3032 4284 3107 4337 De
3149 4283 3419 4340 Laodicea
3460 4286 3659 4339 dictum

2097 4360 2230 4414 alias
2259 4373 2362 4417 est.

2168 4444 2300 4497 Ibid.
2323 4445 2589 4499 Γάϐαλα.
2623 4447 2783 4512 Πόλις
2812 4448 2915 4517 τῆς
2957 4448 3184 4519 πρώτης
3212 4451 3407 4519 Συρίας
3431 4449 3515 4503 Jo.
3548 4451 3622 4504 Illa
3643 4482 3663 4491 -

2096 4525 2211 4578 lala:
2236 4534 2365 4580 tom.
2400 4527 2462 4589 ll,
2492 4544 2545 4595 p.
2572 4527 2662 4582 88.
2697 4528 3034 4584 Theodoreto
3094 4531 3249 4591 πόλις
3303 4534 3507 4602 σμικρὰ
3565 4537 3665 4585 καὶ

2094 4609 2425 4680 χαριεστάτη
2458 4609 2660 4666 Hister.
2695 4613 2952 4685 Religios.
2984 4630 3029 4669 c.
3066 4614 3158 4670 28.
3191 4614 3320 4670 Vide
3366 4618 3491 4673 Ant.
3528 4605 3661 4671 Itin.

2166 4774 2301 4828 Ibid.
2333 4774 2590 4841 Πάλτος.
2626 4777 2845 4833 Aberat.
2895 4778 2966 4832 20
3010 4779 3079 4833 Μ.
3122 4780 3179 4833 Ρ.
3208 4779 3498 4836 Laodicea.
3530 4780 3668 4835 Vide

2094 4857 2217 4911 Ant.
2245 4856 2373 4911 Itin.
2402 4874 2455 4927 p.
2488 4858 2610 4915 147.
2631 4859 3127 4932 Justjnianushanc
3163 4874 3216 4917 et
3246 4862 3567 4919 Laodiceam
3606 4878 3669 4919 et

2093 4938 2322 5005 Gabala,
2387 4941 2691 4995 Antiochiae
2749 4945 3146 5013 quodammodo
3175 4946 3473 5015 ademptas,
3509 4964 3667 5003 novzn

2092 5022 2403 5089 provinciae,
2431 5024 2515 5077 cui
2549 5022 2945 5081 Theodoriadis
2974 5042 3170 5084 nomen
3210 5026 3434 5096 fecerat,
3468 5039 3666 5099 praete-

2093 5118 2292 5173 rcaque
2316 5120 2381 5160 ex
2408 5103 2564 5175 Syria
2602 5108 2837 5162 secunda
2887 5109 3146 5165 Balaneas
3192 5112 3493 5167 contribuit
3522 5114 3669 5182 apud

2090 5185 2176 5241 Jo.
2206 5186 2457 5243 Malalam
2485 5199 2613 5245 tom.
2636 5190 2702 5257 Il,
2731 5206 2783 5260 p.
2820 5192 2945 5247 185.

2158 5268 2292 5324 Ibid.
2329 5271 2558 5341 Βέροια.
2590 5274 2664 5328 De
2697 5277 2797 5330 hac
2823 5286 2879 5330 et
2901 5276 3156 5333 Chalcide
3181 5276 3569 5346 disputavimus
3588 5280 3663 5333 ad

2090 5351 2228 5406 idem
2260 5352 2443 5408 Itiner.
2478 5372 2532 5424 ρ.
2568 5357 2688 5411 193.
2724 5358 2910 5413 Obiter
2952 5359 3042 5415 hic
3064 5360 3276 5415 Socrati
3302 5362 3558 5415 auxilium
3583 5358 3668 5414 fe-

2089 5450 2271 5490 remus
2300 5436 2330 5487 7
2362 5437 2447 5492 16.
2478 5440 2568 5493 Ἐν
2598 5440 2915 5512 Ἰνμεστὰρ,
2948 5443 3139 5511 inquit,
3159 5440 3306 5496 οὕτω
3341 5444 3668 5513 καλουμένῳ

2087 5519 2256 5589 τόπῳ,
2288 5519 2347 5583 ὃς
2379 5522 2556 5574 κεῖται
2589 5522 2793 5591 μεταξὺ
2852 5524 3119 5588 Χαλκίδος
3179 5527 3279 5578 καὶ
3324 5526 3667 5596 Ἀντιοχείας

2088 5600 2184 5670 τῆς
2213 5602 2271 5654 ὲν
2311 5604 2513 5675 Συρίᾳ,
2558 5605 2802 5661 Ἰουδαῖοι
2865 5608 3108 5680 συνήθως
3160 5610 3375 5674 ἑαυτοῖς
3436 5610 3665 5678 παίγνια

2091 5686 2379 5741 ἐπετέλουν
2414 5690 2554 5744 τινά.
2589 5689 2878 5759 Flagitiose
2908 5693 3051 5748 enim
3090 5705 3403 5763 corruptum
3450 5707 3534 5750 est
3560 5694 3667 5748 vici
