3958 6216
280 369 423 434 1160

276 496 504 548 nomen,
538 481 593 536 in
632 496 739 551 quo
760 482 937 537 scelus
970 483 1112 549 quod
1142 480 1396 539 Socrates
1429 492 1645 537 enarrat
1677 482 1845 538 Judati

278 573 592 630 patrarunt.
628 564 774 633 Lege
806 566 863 617 ὲν
898 567 1124 634 Ἰμμαις
1158 564 1371 635 γάρ,ὀι
1402 556 1576 620 vicum
1612 566 1855 629 habebis,

274 646 355 698 20
392 645 461 699 Μ.
490 647 550 701 Ρ.
583 662 613 701 a
635 647 889 702 Chalcide
917 646 1251 716 disjunctum
1284 648 1426 715 apud
1460 648 1854 704 Theodoretum

277 727 430 781 Hist.
481 727 651 799 Retig.
677 745 728 785 c.
778 730 810 783 7
853 739 1015 799 atque
1044 730 1098 783 in
1135 728 1338 783 Tabula
1388 728 1853 797 Peutiugerorum.

278 808 497 864 Firmat
522 813 911 880 conjecturam,
935 812 1038 865 etsi
1074 812 1126 865 in
1153 811 1397 866 vocabuli
1435 824 1660 864 numero
1688 822 1741 864 et
1759 826 1853 881 ges

278 906 417 946 nere
440 892 794 958 dissentiens,
830 894 1190 962 Theophanes
1221 892 1625 961 Chronograplt.
1653 907 1707 961 p.
1742 893 1803 946 7t
1842 912 1857 948 :

276 972 473 1043 Τούτῳ
503 974 579 1043 τῷ
608 974 717 1026 ἔτει
746 975 986 1027 Ἰουδαῖοι
1016 976 1095 1037 εἰς
1124 975 1184 1026 τὸ
1218 976 1415 1044 Ἴμμον
1449 973 1660 1026 παιδίον
1694 975 1861 1044 Χρισ-

278 1055 468 1107 τιανὸν
527 1056 903 1127 συλλαδόντες.
954 1057 1022 1109 Ει
1070 1056 1374 1122 Cedrenus,
1416 1072 1727 1126 quanquam
1767 1072 1863 1125 per

282 1137 500 1189 παιδίον
534 1136 883 1206 Theophanis
929 1138 982 1192 in
1034 1153 1275 1192 errorem
1312 1139 1598 1206 impulsus,
1623 1155 1676 1207 p.
1706 1139 1812 1193 276
1842 1154 1855 1189 :

280 1217 528 1271 Ἰουδαῖοι
557 1222 638 1280 εἰς
665 1220 757 1273 τὸν
806 1222 1005 1289 Ἷμμον
1069 1219 1253 1272 πεδίον
1306 1221 1634 1289 Χριστιανὸν
1697 1222 1860 1276 παῖδα

281 1301 661 1364 συλλαϐόντες.
684 1302 834 1356 Fecit
865 1317 931 1357 ex
953 1302 1149 1356 vicinia
1171 1303 1289 1356 soni
1316 1302 1411 1354 τοῦ
1446 1303 1660 1357 παιδίου
1679 1313 1736 1358 et
1767 1322 1862 1357 πε-

279 1384 422 1449 δίου,
460 1383 684 1439 lmmnm
711 1399 985 1453 campum,
1023 1399 1208 1454 quem,
1240 1384 1284 1438 si
1311 1385 1377 1438 ad
1402 1382 1517 1440 haec
1546 1388 1865 1443 attendisset

282 1467 418 1520 Abr.
455 1466 713 1530 Ortelius,
738 1467 879 1522 circa
908 1466 1226 1536 Byzantium
1258 1483 1364 1521 non
1394 1469 1756 1536 quaesivisset.

357 1548 475 1602 Col.
506 1548 629 1602 152.
675 1548 809 1602 Ὑπὸ
852 1549 1138 1618 ἡγεμόνα.
1188 1550 1451 1603 Distracta
1486 1550 1597 1603 haec
1629 1561 1713 1605 est
1742 1566 1865 1620 pro-

282 1632 462 1685 vincia
488 1647 517 1686 a
540 1631 689 1688 lee
710 1632 889 1702 Syria,
913 1642 969 1686 ιιι
994 1631 1252 1702 Evagrius
1273 1633 1340 1690 II.
1374 1631 1436 1687 Ε.
1464 1635 1498 1687 5
1525 1634 1595 1687 52
1617 1634 1777 1687 docet
1810 1646 1865 1688 et

283 1716 528 1789 quidem,
548 1716 591 1770 si
616 1730 733 1786 qua
756 1715 960 1770 Malalae
986 1724 1114 1771 tom.
1142 1715 1206 1781 ll,
1224 1730 1277 1785 p.
1300 1716 1369 1770 69
1387 1716 1539 1778 ﬁdes,
1567 1732 1596 1769 a
1620 1717 1866 1773 Theodo-

286 1801 373 1854 sio
392 1800 651 1865 secundo,
677 1816 835 1869 quem
856 1811 908 1855 et
921 1800 1158 1868 Apamia:
1164 1800 1255 1869 jus
1274 1801 1633 1867 metropoleos
1649 1801 1867 1856 dedisse

286 1882 548 1936 affirmat.
583 1882 805 1938 Praesidi
839 1884 1082 1952 paruisse
1112 1882 1326 1937 Notitia
1355 1884 1479 1951 imp.
1509 1882 1714 1939 Orient.
1752 1900 1802 1939 c.
1840 1887 1858 1939 l

287 1980 517 2020 mouere
547 1966 689 2027 haud
723 1966 982 2034 neglexit.

358 2046 494 2101 Ibid.
572 2048 876 2117 Ἀπάμεια.
948 2047 1250 2104 Provinciae
1321 2060 1439 2104 erat
1530 2051 1865 2120 metropolis,

285 2131 643 2198 quamobrem
671 2132 797 2194 τοὺς
826 2132 932 2185 ὑπὸ
988 2132 1296 2200 Ἀπάμειαν
1344 2134 1544 2204 ἱερέας,
1581 2137 1865 2203 episcopos

289 2212 452 2276 hujus
485 2213 634 2267 urbis
668 2215 1089 2283 metmpolitano
1118 2215 1385 2280 subditos,
1419 2217 1684 2287 Evagrius
1710 2217 1860 2272 11.15.

284 2293 322 2347 3
364 2295 432 2347 54
466 2295 713 2373 appellat.
761 2294 890 2351 Erat
947 2299 1093 2351 circa
1143 2299 1331 2353 urbem
1386 2300 1577 2361 vicus,
1627 2302 1862 2371 χωρίον,

286 2377 373 2429 cui
405 2378 662 2447 Μάρατος
698 2379 973 2449 Ζαδδᾰιλης
1001 2390 1119 2433 erat
1149 2396 1365 2446 nomen,
1392 2390 1524 2436 tom.
1552 2382 1621 2437 XI
1650 2384 1860 2438 Concil.

284 2458 455 2513 Labb.
499 2475 549 2526 p.
587 2461 691 2515 405
733 2470 788 2515 et
818 2462 923 2515 408
984 2472 1353 2518 memoratus:
1385 2463 1594 2521 vicinos
1643 2466 1734 2521 ille
1765 2466 1863 2520 ha-

286 2542 472 2596 buisse
498 2543 708 2597 videtur
761 2543 1259 2612 lilaratocuprenos,
1290 2546 1356 2600 de
1397 2547 1595 2614 quibus
1644 2548 1696 2600 in
1725 2549 1862 2603 Am-

287 2625 454 2676 miau.
488 2623 560 2677 28
589 2626 644 2689 2,
671 2625 1009 2692 allirmatqne
1040 2626 1268 2693 primatu
1310 2627 1449 2680 tituli
1491 2640 1858 2697 grassatorum

286 2708 527 2767 illorum,
558 2709 625 2761 de
667 2722 770 2776 qua
797 2708 1102 2762 dubitatum
1132 2709 1312 2770 video,
1346 2718 1580 2777 partem.
1612 2712 1859 2781 Sequen-

287 2797 371 2842 tes
404 2790 674 2857 tetigimus
714 2791 768 2842 in
802 2788 1001 2843 Anton.
1035 2788 1217 2845 Itiner.
1253 2808 1304 2859 p.
1335 2793 1457 2845 187.

360 2870 490 2923 Ibid.
522 2871 810 2939 Μαριάμη.
839 2870 929 2924 Sic
960 2880 1013 2924 et
1037 2870 1377 2926 Ptolemaeus.
1408 2873 1674 2928 Arrianus
1724 2876 1859 2942 Εεμ.

289 2956 442 3006 Alex.
480 2970 537 3016 ιι,
571 2953 631 3006 l5
663 2954 1031 3023 Μαριάμμην,
1081 2954 1286 3008 Concil.
1330 2956 1460 3009 Acta
1518 2958 1854 3028 Μαριάμνην

287 3051 483 3089 vocare
533 3048 902 3090 assueverunt.
979 3034 1110 3088 Vide
1171 3035 1375 3105 Synod.
1441 3039 1859 3111 Constantinop.

288 3118 388 3170 sub
413 3116 599 3169 Menna
635 3127 765 3170 tom.
799 3116 867 3169 XI
925 3118 1094 3172 Cone.
1159 3133 1211 3186 p.
1271 3118 1375 3172 402
1423 3130 1477 3173 et
1528 3120 1861 3177 Chalcedon.

289 3217 343 3270 p.
372 3199 497 3254 659.
536 3199 597 3253 L.
625 3199 957 3255 Holsteinius
986 3210 1040 3254 et
1086 3199 1189 3255 Ch.
1233 3202 1497 3257 Cellarius
1524 3219 1587 3257 ex
1623 3205 1859 3260 Alexan-

289 3283 445 3336 drino
474 3282 679 3336 Chron.
715 3282 924 3352 Κώμην
947 3283 1317 3353 Μαριάμμην,
1350 3284 1402 3338 in
1444 3300 1548 3353 qua
1574 3284 1863 3341 Gelasinus

290 3378 495 3437 martyr
520 3366 682 3420 fuerit
716 3366 1141 3431 contunmlatus,
1191 3384 1313 3421 cum
1349 3368 1448 3421 hac
1477 3368 1613 3423 urbe
1642 3384 1862 3438 contva

291 3460 451 3514 nunt;
473 3449 616 3517 quod
644 3457 701 3502 ut
735 3456 877 3502 recte
905 3448 1155 3513 fecerint,
1188 3465 1398 3504 vereor.
1432 3450 1597 3505 Plane
1616 3454 1863 3520 proxime

288 3527 585 3600 Heliopolin
633 3531 706 3585 ibi
757 3530 1082 3594 collocatur,
1119 3547 1287 3600 aqua
1342 3531 1665 3587 I‘tolemtcus
1721 3534 1861 3588 hanc

287 3613 499 3681 longius
550 3623 810 3666 removet.
860 3611 1163 3667 Provinciae
1210 3630 1428 3683 quoque
1488 3615 1717 3671 diversae
1761 3617 1861 3671 sibi

289 3695 586 3751 vindicant.
619 3694 757 3746 hanc
779 3692 937 3762 Syria
971 3694 1231 3769 secunda,
1281 3696 1429 3749 illam
1485 3695 1743 3752 Pbmnice
1793 3698 1861 3752 ad

290 3776 572 3829 Libanum.
608 3773 682 3829 De
702 3784 961 3842 sequente
999 3775 1127 3827 Ant.
1160 3774 1287 3829 Itin.
1314 3791 1366 3843 p.
1403 3775 1523 3829 148.

359 3858 496 3911 Ibid.
530 3856 874 3924 'Pagparaie.
910 3855 1204 3923 Ῥαφανέαι
1237 3856 1523 3912 Ριοιυιιιειῑο
1552 3866 1605 3911 et
1633 3859 1865 3927 Stepha-

291 3956 380 4005 no,
409 3940 497 4009 qui
535 3940 687 3994 urbis
720 3939 920 4009 gentile
958 3938 1341 4009 Ῥαφανεώτης
1371 3954 1493 3993 esse
1518 3941 1686 3996 addit.
1707 3942 1865 3996 Lam-

291 4026 478 4095 padius
511 4024 851 4090 Ῥαφαναὲων
880 4022 1089 4084 πόλεως
1119 4031 1205 4076 est
1232 4023 1283 4075 in
1302 4022 1630 4079 Chalcedon.
1662 4040 1715 4094 p.
1736 4025 1861 4092 660,

289 4118 338 4160 et
364 4107 544 4160 Zoilus
601 4106 897 4175 Ῥεεφάνης
955 4106 1009 4160 in
1064 4104 1476 4175 Constantinop.
1530 4111 1631 4163 sub
1667 4107 1861 4164 Menna

291 4206 340 4258 p.
371 4188 496 4254 402,
528 4189 663 4241 satis
689 4188 903 4242 vitiose.

358 4272 488 4325 Ibid.
510 4271 980 4338 Σελευκόϐηλος.
1024 4270 1268 4326 Seleucia
1300 4282 1386 4326 est
1430 4273 1498 4326 ad
1531 4271 1714 4328 Belum
1751 4274 1867 4328 sive

291 4369 498 4408 amnem
517 4368 610 4407 seu
630 4362 867 4407 montem
890 4371 903 4406 :
926 4368 1099 4423 neque
1111 4355 1254 4409 enim
1275 4355 1592 4430 alterutrum
1611 4370 1707 4422 pro
1723 4370 1865 4410 com-

292 4435 699 4505 perto;est.Vide
724 4438 825 4491 Ch.
851 4436 1165 4492 Cellarium.
1197 4436 1261 4490 (ἱ.
1280 4438 1343 4491 Α.
1363 4437 1397 4490 3
1432 4438 1495 4491 l2
1517 4454 1567 4507 p.
1594 4438 1715 4492 420.
1747 4438 1860 4492 Sita

291 4533 404 4575 erat
431 4523 481 4575 in
517 4522 1158 4591 fiuibnsApamiensium.
1181 4522 1540 4592 Theophanes
1564 4520 1855 4593 Chronogr.

291 4605 517 4675 p.289:
560 4608 623 4658 Οἱ
673 4606 729 4658 δὲ
784 4604 1064 4658 Σκλαῦῖνοι
1104 4606 1279 4675 τούτῳ
1337 4606 1706 4677 προσρυέντες
1762 4607 1860 4659 σὺν

292 4688 434 4757 αὐτῷ
471 4691 527 4741 ἐν
563 4688 730 4758 Συρίᾳ
765 4688 1052 4756 κατῆλθον,
1094 4688 1332 4757 χιλιάδες
1367 4690 1549 4752 πέντε,
1586 4690 1677 4741 καὶ
1714 4688 1861 4757 ᾠκη-

294 4786 389 4834 σαν
418 4772 497 4830 εἰς
526 4769 622 4838 τὴν
656 4771 961 4837 Ἀπάμειαν
996 4769 1177 4837 χώραν
1197 4770 1254 4820 ὲν
1281 4768 1442 4838 κώμῃ
1459 4770 1863 4838 Σκευοκοὸόλῳ,

294 4850 464 4904 Vertit
490 4850 742 4905 Misccllte
784 4850 926 4905 Hist.
956 4852 995 4905 I.
1034 4866 1125 4904 xix
1157 4860 1346 4904 auctor
1381 4868 1394 4903 :
1424 4849 1594 4904 Porro
1627 4851 1863 4905 δείουιηὶ

292 4934 356 4985 ad
382 4934 519 4987 hunc
553 4935 869 5002 con/tuentes
907 4949 1025 4985 cum
1089 4934 1200 4998 ipso
1259 4934 1636 4986 descenderunt
1678 4937 1731 4987 in
1762 4934 1863 5005 Sy-

294 5017 447 5079 riam,
487 5032 700 5068 numero
725 5016 947 5085 quinque
973 5015 1165 5078 millia,
1194 5027 1238 5067 et
1295 5016 1602 5069 habitabant
1642 5019 1695 5069 in
1722 5018 1862 5084 Apa-

296 5101 570 5153 mienst’um
604 5104 808 5168 regione
836 5101 888 5151 in
929 5099 1148 5152 castella
1182 5099 1537 5153 Seleucobori.
1573 5101 1727 5155 Unde
1777 5102 1859 5155 vi-

296 5186 384 5238 des
412 5185 604 5252 legisse
627 5199 746 5238 eum
774 5183 854 5244 εἰς
883 5183 982 5252 τὴν
1013 5183 1307 5250 ’Λπαμέων
1334 5183 1542 5253 χώραν,
1571 5194 1623 5238 et
1671 5186 1807 5239 bene
1846 5201 1859 5236 :

295 5268 411 5323 dein
432 5267 812 5337 Σελευκοὸόρῳ
832 5308 846 5331 ,
876 5267 1014 5333 quod
1047 5281 1112 5320 cx
1140 5266 1521 5336 Σελευκοδὴλῳ
1546 5276 1725 5321 natum
1756 5277 1858 5321 est.

297 5352 597 5420 Stephanus
658 5350 1054 5418 Σελευκόωιλον
1095 5358 1150 5403 et
1204 5350 1489 5415 Σέλευκον,
1527 5353 1654 5421 περὶ
1708 5355 1771 5422 τῇ
1806 5353 1865 5405 ὲν

296 5435 459 5508 Συρίᾳ
504 5435 778 5505 Ἀπαμείᾳ
810 5433 1111 5505 ἀρσενικῶς
1137 5433 1436 5501 λεγομένην
1466 5433 1638 5496 πόλιν,
1667 5434 1862 5489 distin-

296 5521 423 5587 guit,
462 5534 734 5585 perverse,
760 5518 804 5571 si
842 5518 970 5586 quid
1004 5518 1055 5569 in
1088 5517 1173 5569 his
1221 5517 1375 5570 video
1412 5536 1425 5571 :
1477 5518 1665 5572 eadem
1716 5520 1860 5578 enim

296 5610 389 5663 est,
415 5614 468 5655 et
493 5602 886 5671 Σελευκόϐηλος
929 5609 983 5653 et
1033 5600 1294 5663 Σέλευκος
1328 5602 1463 5672 πρὶς
1492 5602 1568 5670 τῷ
1587 5601 1742 5672 Βήλῳ
1769 5618 1862 5672 ap-

298 5686 510 5755 pellata,
535 5704 617 5752 ac,
645 5688 721 5741 uti
745 5686 995 5747 vidimus,
1034 5684 1289 5751 Apamia‘,
1328 5689 1464 5743 unde
1514 5688 1722 5758 longius
1763 5687 1861 5744 Se-

298 5769 463 5827 ltucia
488 5771 676 5828 Pieria:
708 5772 961 5835 distabat,
1000 5767 1191 5822 vicina.

1132 369 1511 429 COMMENT.
1556 371 1635 430 IN
1680 370 2091 439 HIEROCLIS
2131 372 2667 431 SYNECDEMUM.

3379 366 3514 430 11Ἰο

2026 482 2160 536 Ibid.
2197 483 2637 551 Εὑφρατησίας.
2671 482 2808 535 Olim
2848 480 3152 543 Comagenc
3211 489 3346 534 erat.
3394 479 3526 533 Pro-

1959 568 2144 635 copius
2170 565 2229 621 Β.
2258 567 2407 621 Pera.
2444 569 2467 620 I
2500 567 2568 620 I7
2600 583 2613 619 :
2646 566 2813 634 Χώρα
2843 564 3005 631 γοῦν,
3048 566 3081 633 ἢ
3105 565 3169 616 ἐκ
3199 563 3527 632 Σαμοσάτων

1957 650 2114 712 ἐκτὸς
2148 649 2430 718 Εὐφράτου
2463 648 2707 717 ποταμοῦ
2725 650 2861 711 ἐστι,
2897 648 3065 701 πάλαι
3098 648 3197 716 μὲν
3225 647 3529 717 Κομαγηνὴ

1955 730 2180 800 ἐκλήθη.
2211 732 2279 785 τὰ
2307 732 2401 784 νῦν
2429 731 2487 784 δὲ
2520 730 2752 799 ποταμῷ
2771 733 2920 783 ἐστιν
2950 726 3257 797 ἐπώνυμος.
3288 728 3353 781 Ει
3378 729 3412 780 9
3437 730 3525 782 20:

1970 814 2122 865 Ἐπεὶ
2148 814 2205 866 δὲ
2239 817 2320 877 εἰς
2348 816 2446 884 τὴν
2477 812 2823 884 Κομαγηνῶν
2854 813 3038 883 χώραν
3067 814 3095 864 ὁ
3121 812 3370 882 Χοσρόης
3413 810 3530 878 arpi-

1958 913 2103 961 κετο,
2143 898 2208 965 ἢν
2247 898 2502 952 καλοῦσιν
2553 895 2963 967 Εὐφρατησίαν.
3015 894 3534 965 Augusto-Euphra-

1964 978 2095 1032 tesia
2127 980 2183 1032 in
2214 978 2544 1034 Chalcedon.
2583 995 2637 1049 p.
2667 980 2774 1034 5'65
2807 978 3027 1044 dicitur,
3069 987 3123 1031 et
3174 976 3337 1032 Leoni
3370 977 3535 1044 impe-

1969 1062 2132 1114 ratori
2157 1060 2194 1114 I.
2239 1063 2304 1116 I0
2338 1078 2389 1115 c.
2424 1063 2489 1114 de
2522 1061 2719 1115 Divers.
2748 1060 2904 1128 (if/ia.
2959 1060 3230 1129 provincia
3267 1059 3405 1113 facta
3453 1072 3536 1115 est

1962 1148 2018 1191 et
2055 1157 2082 1192 a
2109 1140 2263 1209 Syria
2287 1153 2343 1196 et
2376 1142 2652 1196 Osdroeua
2675 1143 2967 1197 dissociata
3004 1141 3158 1210 jussu
3194 1142 3535 1197 Constantini

1964 1222 2057 1286 Μ..
2092 1234 2225 1279 teste
2260 1226 2446 1280 Malala
2481 1236 2612 1280 tom.
2653 1226 2718 1288 II,
2760 1241 2812 1293 p.
2843 1226 2895 1278 '5.
2930 1224 3139 1280 Praeses
3181 1226 3297 1294 ejus
3345 1237 3429 1280 est
3485 1228 3537 1279 in

1965 1302 2165 1358 Notitia
2224 1308 2351 1375 imp.
2410 1305 2623 1360 Orient.
2659 1321 2709 1359 c.
2756 1307 2778 1358 I
2828 1316 2883 1360 et
2948 1306 3255 1374 praesidiale
3307 1308 3536 1362 ollicium

1965 1386 2337 1451 Ettphl’atcnse
2361 1388 2395 1441 Ι.
2422 1387 2523 1440 2c.
2555 1385 2658 1440 'I‘h.
2688 1389 2755 1442 de
2788 1388 2975 1441 Venat.
3015 1387 3137 1442 Fer.

2038 1469 2168 1522 Ibid.
2216 1468 2558 1536 Ἰεράπολις.
2597 1469 2910 1537 Metropoliu
2931 1471 3053 1523 huic
3073 1470 3360 1539 provincia:
3376 1469 3541 1523 fuisse

1966 1560 2159 1616 praeter
2194 1552 2323 1618 imp.
2349 1550 2579 1606 Leonem
2613 1562 2774 1619 atque
2796 1552 2929 1605 alios
2961 1554 3113 1605 testis
3158 1562 3242 1606 est
3280 1552 3542 1621 Evagrius

1968 1633 2032 1685 II.
2074 1633 2132 1685 Ε.
2170 1633 2203 1686 6
2254 1635 2341 1687 I9.
2374 1634 2490 1698 Quo
2528 1635 2746 1689 nomine
2804 1635 3074 1687 Arabibus
3124 1643 3177 1687 ct
3231 1634 3382 1704 Syris
3449 1637 3538 1699 sit,

1966 1718 2097 1782 imp.
2147 1717 2535 1770 Constantinus
2588 1715 2928 1785 I‘orpbyrog.
2985 1725 3125 1769 orat.
3177 1717 3245 1770 de
3310 1717 3542 1787 imagine

1968 1800 2154 1853 I'Jdess.
2197 1815 2249 1867 p.
2281 1799 2342 1851 51
2366 1800 2497 1852 edit.
2526 1799 2837 1852 Combelisii
2872 1799 3024 1851 docet
3055 1815 3065 1848 :
3105 1799 3196 1860 Εἰς
3223 1799 3283 1850 τὸ
3306 1799 3542 1869 κάστρον

1975 1882 2327 1952 Ἰεραπόλεως
2375 1881 2633 1949 ἔφθασεν,
2689 1881 2717 1933 ὃ
2763 1883 2827 1951 τῇ
2874 1869 2973 1950 μὲν
3019 1882 3351 1951 Σαρακηνῶν
3390 1885 3540 1951 φωνῇ

1965 1966 2197 2035 Μεμμὶχ
2252 1966 2492 2032 λέγεται,
2545 1966 2611 2033 τῇ
2654 1964 2710 2015 δὲ
2745 1964 2851 2015 τῶν
2897 1964 3083 2034 Σύρων
3111 1964 3356 2018 ἣίαὸούκ.
3389 1965 3543 2020 Unde

1964 2052 2180 2119 egregia
2208 2048 2365 2120 Hydii
2394 2049 2446 2101 in
2470 2046 2595 2101 Itin.
2622 2047 2821 2101 I’critz.
2857 2065 2907 2116 p.
2942 2049 3013 2101 43
3044 2047 3357 2117 conjectura
3408 2064 3542 2103 con-

1964 2132 2256 2194 stabilitnr,
2292 2147 2397 2199 qua
2452 2132 2503 2183 in
2564 2129 2736 2185 I’Iinio
2771 2129 2900 2184 523
2934 2130 3214 2199 Bumbyce.
3266 2148 3382 2198 qnw
3433 2132 3543 2183 alio

1966 2216 2174 2267 nomine
2205 2212 2508 2282 Ilierapulis
2564 2221 2803 2276 vocatur,
2859 2211 3009 2285 Syris
3056 2230 3170 2266 vero
3212 2212 3421 2284 Mabog,
3452 2230 3545 2267 ex-

1965 2296 2120 2363 pulso
2144 2307 2307 2365 atque
2332 2301 2397 2351 ad
2429 2297 2683 2349 tenebras
2707 2296 2966 2349 dauumto
3004 2300 3217 2364 Magog,
3269 2298 3541 2351 emendat.

1969 2377 2097 2432 Vide
2124 2378 2585 2434 Alb.SchuItens.
2622 2375 2853 2431 indicem
2910 2376 3191 2433 Bohadino
3251 2392 3540 2439 annexum,

1970 2464 2021 2515 itt
2057 2460 2411 2517 Manbesium.

2033 2542 2166 2597 Ibid.
2230 2546 2440 2612 Κύρος.
2476 2545 2772 2612 Cyrcstana
2825 2544 3018 2597 civitas
3065 2545 3192 2613 imp.
3252 2543 3542 2600 Iustiniani

1964 2628 2204 2694 epistolze
2237 2628 2433 2679 Collat.
2491 2628 2520 2678 7
2592 2627 2786 2680 concil.
2848 2627 3261 2693 Constantinop.
3323 2637 3540 2692 sect.p.

1964 2708 2091 2763 219.
2154 2709 2326 2783 Cives
2381 2708 2439 2761 ι).
2501 2709 2901 2778 Papebrochius
2963 2710 3400 2779 Cyropolitanos,
3448 2710 3543 2776 qui

1963 2791 2106 2843 Actis
2140 2789 2345 2842 Jutiuni
2398 2792 2445 2842 οἰ
2495 2790 2593 2859 τῆς
2649 2791 2857 2852 πόλεως
2922 2792 3134 2859 Κύρου,
3181 2800 3310 2845 ιυιιι.
3350 2789 3387 2842 II
3417 2789 3520 2847 Jun

1963 2889 2013 2941 ιι.
2050 2874 2145 2925 I78
2172 2872 2594 2939 appeIl.tt,ltaud
2622 2882 2785 2926 recte.
2822 2871 2951 2925 Vide
2992 2875 3114 2925 Aut.
3153 2873 3281 2930 Itin.
3316 2887 3367 2937 ρ.
3407 2872 3512 2925 I89

2037 2956 2167 3008 Ibid.
2203 2958 2449 3022 Δολίχῃ.
2487 2955 2719 3024 Πολίχνη
2758 2955 2967 3024 σμικρά
3008 2955 3353 3010 'l‘beodorcto
3378 2959 3446 3008 ΙΙ.
3474 2954 3540 3027 Ε.

1963 3039 1995 3092 5
2024 3039 2077 3100 4,
2115 3037 2369 3089 Δουλικὶα
2421 3037 2735 3106 Theophani
2771 3037 3060 3105 Cltronogt‘.
3114 3038 3249 3102 554;
3289 3037 3353 3091 ad
3382 3052 3544 3104 quem

1965 3123 2183 3176 ntndum
2238 3122 2562 3175 Philoxeuus
2615 3120 2847 3174 Dulichii
2911 3121 3198 3189 episcopus
3248 3122 3299 3173 in
3342 3120 3540 3175 Collat.

1962 3206 2100 3258 inter
2132 3204 2436 3258 Catlmlicos
2485 3214 2537 3255 et
2602 3202 2927 3258 Severianus
2990 3212 3123 3255 tom.
3206 3202 3274 3255 XI
3333 3202 3539 3255 Concil.

1964 3288 2132 3343 Labb.
2160 3306 2211 3355 p.
2250 3288 2368 3340 137.
2398 3286 2557 3339 Plura
2587 3301 2750 3356 supra
2792 3302 2846 3355 p.
2881 3286 3001 3347 I81,
3034 3286 3121 3345 ubi
3156 3286 3220 3339 de
3252 3284 3545 3354 Zeugmate

1964 3373 2126 3425 etiam
2163 3381 2216 3424 et
2243 3370 2608 3423 Gerutanicia.

2036 3453 2167 3506 Ibid.
2198 3452 2415 3520 Πεῤῥιξ.
2451 3452 2735 3506 Liberatus
2779 3452 3051 3505 Diaconos
3078 3451 3334 3505 Breviar.
3370 3467 3421 3502 ρ.
3477 3452 3541 3503 13

1960 3536 2201 3589 ecclesia:
2242 3535 2564 3590 I’arensium
2604 3535 2958 3588 Sabinianum
2990 3534 3157 3587 fuisse
3202 3534 3275 3584 ait
3320 3535 3527 3599 episcoo

1963 3633 2109 3686 pum,
2145 3633 2304 3686 quem
2342 3617 2728 3671 Perrhensium
2766 3615 2932 3670 fuisse
2967 3616 3094 3667 Acta
3126 3615 3343 3669 concilii
3376 3615 3541 3667 tlbal-

1962 3699 2150 3752 cedou.
2184 3708 2313 3751 totn.
2348 3697 2421 3750 IX
2443 3698 2608 3751 Conc.
2652 3698 2820 3755 Labb.
2851 3714 2901 3769 p.
2931 3699 3029 3751 I06
3054 3700 3304 3757 clamant.
3330 3697 3388 3751 V.
3413 3697 3541 3756 Ant.

2038 3860 2174 3914 Ibid.
2200 3862 2548 3925 Νικόπολις.
2585 3861 2699 3915 Non
2732 3860 2892 3917 aliam
2922 3875 3043 3915 esse
3072 3868 3200 3925 puto
3233 3869 3392 3927 atque
3423 3875 3543 3917 eam

1964 3956 2127 4011 quam
2158 3940 2321 4011 .losua
2372 3941 2596 4010 Stylites
2654 3944 2703 3995 in
2760 3940 2962 3996 Chron.
3020 3942 3245 4011 Syriaco
3275 3943 3373 3995 sub
3410 3943 3537 4010 imp.

1961 4009 2248 4079 Anastasio
2278 4009 2575 4080 vbltetneuti
2608 4036 2766 4080 terra:
2805 4037 3044 4080 tremore
3063 4009 3351 4079 corruisse
3378 4009 3542 4079 refert

1964 4118 2095 4161 tom.
2120 4107 2140 4160 ι
2168 4107 2307 4161 Bibl.
2370 4107 2598 4163 0rient..
2631 4108 2919 4165 Assemani
2944 4124 3000 4176 p.
3028 4107 3155 4175 271,
3203 4122 3301 4161 nec
3327 4107 3555 4165 diversa.

1962 4191 2193 4246 fortasse
2211 4202 2295 4245 est
2322 4190 2451 4245 Itin.
2488 4191 2612 4244 Aut.
2647 4208 2698 4260 p.
2748 4190 2868 4246 I90.

2034 4272 2163 4327 Ibid.
2195 4274 2587 4343 Σκεναρχαῖα.
2644 4274 2825 4344 Σκηνὴ
2855 4272 3079 4344 ἀρχαία.
3119 4272 3364 4327 Viderint
3396 4275 3542 4342 pelti-

1965 4358 2132 4414 tiorés
2165 4375 2231 4412 an
2262 4359 2384 4414 loco
2417 4374 2614 4412 nomen
2670 4358 2883 4412 venerit
2911 4373 2940 4410 a
2971 4359 3329 4429 tentoriorum
3357 4359 3535 4426 copia,

1963 4455 2015 4498 et
2040 4443 2167 4513 quid
2197 4440 2719 4514 Σαλγενορατίξενον
2750 4440 2854 4495 sibi
2891 4441 3036 4495 velit.

2036 4527 2167 4581 Ibid.
2204 4526 2452 4594 Σύριμα.
2488 4524 2715 4581 Putares
2744 4522 2894 4594 Συρά
2922 4523 3034 4578 sive
3058 4520 3281 4595 Σοῦρον,
3320 4530 3377 4575 ιιι
3408 4520 3541 4577 Eva-

1963 4611 2109 4681 grius
2138 4609 2203 4663 II.
2235 4607 2301 4661 E.
2335 4625 2409 4673 tv,
2437 4608 2530 4671 25,
2581 4609 2767 4661 urbem
2811 4606 2864 4663 in
2910 4606 3200 4673 Euphratis
3238 4605 3349 4673 ripa
3393 4605 3541 4672 posi-

1966 4703 2073 4745 tam
2110 4690 2255 4762 (Vita
2278 4690 2565 4761 Symeonis
2594 4690 2803 4761 Stylitte
2830 4703 2879 4742 c.
2910 4686 2979 4741 26
3013 4705 3028 4744 :
3065 4683 3175 4739 Ἤν
3200 4703 3283 4749 τις
3328 4689 3386 4740 ὲν
3434 4687 3538 4738 Συ-

1965 4776 2079 4844 ροῖς
2106 4773 2467 4843 στρατιώτης,
2486 4773 2762 4840 πολίχνιον
2787 4770 2844 4822 δέ
2874 4788 2925 4822 τι
2953 4770 3111 4824 τοῦτο
3124 4769 3232 4822 τῶν
3259 4770 3538 4841 ὲπευφρα-

1962 4855 2188 4922 τιδίων),
2225 4856 2329 4908 nisi
2357 4856 2583 4923 propius
2624 4854 2882 4908 abessent
2935 4851 3172 4923 Οῠριμα,
3211 4868 3308 4922 pro
3338 4852 3537 4921 quibus

1965 4938 2201 5009 υῦρςμα,
2223 4939 2399 4993 editus
2428 4936 2773 4997 Ptolemaeus.
2827 4937 2921 4989 sed
2972 4936 3099 4989 hinc
3125 4945 3178 4988 et
3209 4950 3273 4988 ex
3309 4934 3533 4988 Colslin.

1970 5039 2069 5074 ms.
2106 5022 2440 5089 adjuvandus
2472 5020 2682 5089 Ὀριμα
2712 5027 2765 5071 et
2801 5017 3010 5087 Ὤριμα
3048 5016 3377 5071 Chalcedon.
3406 5031 3538 5071 con—

1965 5105 2052 5155 til.
2091 5120 2139 5171 p.
2176 5102 2298 5156 6'76.
2334 5101 2463 5155 Erat
2492 5100 2748 5170 Euphrati
2805 5100 2999 5163 adsita,
3067 5101 3210 5153 unde
3256 5098 3534 5153 castellum

1967 5188 2151 5240 Urima
2188 5187 2450 5254 Euphrati
2474 5184 2734 5239 accubans
2781 5185 2831 5236 iu
2890 5183 3055 5237 veteri
3088 5182 3273 5236 codice
3312 5182 3536 5252 Syriaco

1968 5282 2072 5323 Intn
2105 5269 2142 5323 I.
2180 5268 2424 5322 Bibliotlt.
2460 5268 2663 5320 Orient.
2699 5281 2752 5335 p.
2786 5265 2888 5316 ΗΞ
2910 5264 3216 5321 Assetnani.
3498 5262 3501 5263 ⁷

2039 5354 2170 5407 Ibid.
2204 5353 2504 5420 Εὑρωπός.
2541 5349 2701 5402 Josna
2732 5348 2955 5417 Stylitrs
2988 5357 3221 5401 castrum
3266 5360 3341 5399 att
3365 5344 3537 5405 Euro-

1938 5442 1939 5445 ‘
1965 5455 2085 5503 pus,
2117 5437 2253 5505 quod
2280 5437 2330 5487 in
2357 5430 2971 5502 provinciadlabugcusi,
2992 5431 3103 5485 sive
3131 5428 3535 5499 Ilierapolilaua

1963 5524 2030 5574 ait
2063 5522 2380 5574 occidentem
2430 5517 2716 5584 Euphratis
2747 5526 2820 5568 est
2855 5516 3081 5583 positum
3137 5513 3273 5568 Bibl.
3324 5512 3531 5575 Oriettt.

1969 5618 2096 5659 tom.
2126 5604 2165 5667 I,
2201 5619 2255 5672 ιι.
2282 5602 2418 5668 9.82;
2453 5601 2538 5654 cui
2578 5600 2874 5666 Procopius
2908 5599 3067 5655 Fabr.
3111 5599 3398 5653 Justinian.
3445 5598 3479 5650 2
3502 5600 3547 5654 9

1966 5699 2015 5741 ct
2046 5687 2101 5742 Β.
2146 5686 2200 5738 I’.
2236 5687 2270 5739 2
2304 5686 2374 5737 ‘20
2407 5683 2725 5738 assentitur.
2763 5680 2954 5735 Merito
2991 5697 3118 5750 ergo
3147 5681 3416 5735 Lueianus
3451 5682 3536 5737 in-

1963 5769 2165 5826 SuIsum
2226 5769 2551 5836 scriptorem
2621 5765 2969 5820 historiarum
3046 5767 3265 5833 laxavit,
3323 5762 3413 5834 qui
3470 5760 3539 5825 de
