3980 6210
492 359 624 425 1171

482 477 614 529 urbe
638 474 737 527 bac
760 490 772 526 :
792 470 856 525 Ἢ
873 471 929 524 δὲ
952 470 1208 541 Εὑρωπὸς
1237 475 1410 525 κεῖται
1440 475 1538 543 μὲν
1565 475 1622 526 ἐν
1648 476 1713 543 τῇ
1741 474 2061 527 Μεσοποτα-

482 558 580 628 μία
610 556 880 625 σταθμοὺς
900 554 993 607 δύο
1019 556 1111 607 τοῦ
1140 556 1423 626 Εὐφράτου
1444 557 1647 626 ἀπέχου
1659 573 1743 618 τα,
1769 557 2055 628 ἀπῴκισαν

479 645 536 697 δέ
566 642 737 711 αὐτὴν
777 632 1091 694 Ἐδεσσαῖοι.
1123 640 1368 709 Europus
1401 642 1508 695 sila
1531 642 1738 709 quidem
1768 651 1844 695 est
1867 647 1919 694 in
1954 640 2059 695 Me-

483 729 799 796 sopotamia,
835 727 1193 780 mansionibus
1228 725 1592 792 ab,Eantrate
1610 726 1816 779 duabus
1850 724 2058 792 disjun-

484 821 568 863 ειη
601 821 649 863 et
682 811 746 863 ab
769 808 1050 863 Edessenis
1086 810 1317 861 condita.
1352 808 1558 862 Nomen
1614 817 1698 861 est
1730 823 1758 861 a
1812 806 2060 860 Macedo-

484 896 672 957 nibus,
703 894 792 962 ιιιιί
828 891 1043 947 urbium
1080 892 1268 959 patria:
1296 906 1406 945 sua:
1448 889 1667 945 nomina
1715 889 1927 957 oppidis
1954 889 2056 957 Sy-

485 979 577 1029 rite
634 977 963 1031 indiderunt.
1026 974 1156 1028 Vide
1231 974 1531 1044 Appianum
1586 972 1799 1042 Syriae.
1854 987 1906 1040 p.
1952 972 2051 1026 201

481 1072 535 1116 et
570 1063 700 1116 Abr.
733 1062 1035 1116 Berkelium
1062 1062 1115 1114 in
1148 1060 1410 1127 Stephan.
1447 1059 1731 1129 Εὐρωπός,
1767 1058 1855 1111 ubi
1905 1070 2057 1110 com-

483 1144 642 1197 mista
672 1146 877 1198 videbis
898 1161 1016 1213 qua:
1044 1145 1202 1213 longo
1227 1153 1490 1195 terrarum
1519 1143 1625 1195 situ
1647 1139 2057 1195 distiuctissitna

482 1225 657 1279 fuere.

556 1310 673 1365 Col.
718 1312 825 1365 155
884 1310 1252 1378 Ὀσρωιξνης.
1310 1309 1625 1377 Ὀσροήνης.
1686 1305 1892 1360 Nomen
1941 1319 2059 1372 pro-

482 1395 716 1450 vinciam
748 1394 816 1447 ab
848 1394 1018 1449 Osroe
1072 1393 1366 1460 Procopius
1398 1390 1465 1445 B.
1498 1389 1566 1443 P.
1604 1392 1623 1443 I
1663 1390 1733 1442 I'l
1783 1388 2058 1457 accepisse

484 1487 768 1539 memorat.
796 1493 894 1532 nec
920 1477 1169 1541 Illttllum,
1195 1486 1251 1528 ut
1281 1476 1416 1529 alias
1447 1474 1875 1541 observavimus,
1901 1474 1969 1526 ab
1992 1487 2058 1527 eo

485 1562 712 1619 dissidet
741 1560 1029 1631 Dionysius
1080 1560 1417 1614 Patriarcha.
1443 1558 1747 1625 Provincia!
1770 1566 1891 1629 post
1916 1556 2059 1614 Con-

487 1647 786 1702 stantinum
819 1658 847 1696 a
880 1641 1266 1711 Mesopotamia
1330 1643 1540 1697 videtur
1589 1640 1818 1709 divulsa,
1848 1655 1950 1710 qua
1993 1641 2060 1697 de

484 1746 545 1788 re
566 1729 810 1785 Norisius
830 1728 957 1781 diss.
981 1742 1017 1779 ιι
1038 1727 1103 1780 de
1137 1725 1329 1794 lipoclr.
1359 1742 1412 1795 p.
1446 1726 1569 1780 H0.
1598 1723 1807 1780 Prceses
1826 1723 2061 1779 Osdroe-

487 1831 583 1867 nes
613 1822 694 1867 est
740 1812 792 1866 in
845 1811 881 1865 Ι.
929 1808 1030 1863 105
1080 1824 1133 1863 e.
1181 1807 1283 1863 Th.
1346 1812 1412 1864 de
1477 1808 1671 1863 Decur.
1738 1817 1791 1861 et
1848 1805 2060 1861 Notitia

484 1896 770 1953 I.O.c.I.

560 1982 691 2035 Ibid.
726 1979 1017 2033 Ἔδεσσα.
1053 1976 1354 2031 Provinciae
1406 1977 1722 2045 metropolis
1755 1976 1876 2041 luit,
1905 1992 2059 2046 περι-

484 2064 677 2132 ϐόητος
707 2062 805 2131 τῆς
850 2061 1147 2130 Ὀσροήνης
1184 2061 1448 2129 ἐπαρχίας
1505 2060 1839 2129 μητρόπολις
1883 2059 2061 2113 Theo-

485 2146 648 2215 phani
678 2144 1075 2213 Chronograplt.
1102 2160 1154 2213 p.
1212 2142 1333 2199 H6.
1360 2144 1489 2197 Acta
1520 2142 1577 2197 S.
1605 2141 1861 2197 Thaddaei
1918 2145 2060 2211 apud

486 2228 842 2283 Lambecium
880 2226 1019 2281 Bibl.
1049 2224 1250 2283 Ccesar.
1275 2241 1450 2300 vurp.
1489 2224 1598 2279 202
1627 2246 1639 2279 :
1676 2221 1785 2278 Ἦν
1819 2225 1919 2295 μὲν
1953 2225 2062 2278 ἀπὸ

498 2313 754 2382 Ἐδέσσης
787 2312 883 2384 τῆς
914 2312 1151 2377 πόλεως,
1181 2310 1518 2381 μητρόπολις
1549 2310 1605 2363 δὲ
1636 2310 1871 2380 ὑπάρχει
1898 2309 2059 2377 αὕτη.

496 2399 765 2467 Ὀσροήνη
830 2396 1140 2467 καλουμένη
1174 2434 1191 2460 ,
1254 2392 1670 2465 ’Δρμενοσύρων
1741 2396 2057 2465 μεσόγειος.

484 2481 617 2547 Quae
644 2495 766 2536 cum
799 2480 989 2535 urbem
1027 2479 1325 2534 Osroeuem
1349 2476 1607 2540 vocitant,
1642 2478 1812 2532 videri
1840 2487 2062 2547 possent

484 2565 706 2627 vitiosa,
741 2562 845 2617 nisi
881 2570 935 2617 et
967 2560 1091 2633 Syri
1114 2560 1385 2617 Orrhoam
1426 2567 1481 2613 et
1531 2558 1796 2614 Osrhoam
1825 2559 2061 2630 appella-

485 2659 628 2704 rent.
666 2647 799 2703 Vide
828 2650 1025 2701 Anton.
1063 2644 1264 2717 Itin.p.
1297 2644 1419 2698 I85.

556 2729 695 2785 Ibid.
753 2731 1165 2786 Κωνσταντία.
1235 2731 1623 2802 Κωνσταντινη
1678 2730 1823 2795 aliis,
1883 2728 2063 2783 Suidre

485 2811 898 2877 Κωνστάντεια,
931 2824 1088 2879 cujus
1134 2812 1420 2882 episcopus
1476 2814 1815 2884 Sophronias
1872 2821 1953 2866 est
2007 2812 2060 2865 in

486 2895 639 2949 Actis
666 2892 855 2966 synodi
886 2893 1265 2960 Antiochense,
1318 2894 1543 2952 intextis
1576 2897 1791 2949 Actioni
1843 2895 1910 2948 14
1937 2909 2063 2947 con-

485 2978 597 3032 cilii
631 2975 963 3032 Chalcedon.
995 2986 1127 3031 tom.
1162 2976 1230 3031 IX
1260 2979 1467 3034 Concil.
1502 2994 1557 3050 p.
1589 2980 1713 3035 120.
1740 2980 1880 3034 Olim
1908 2978 2066 3032 Nice-

486 3062 739 3134 phorium
765 3060 1067 3126 dicebatur,
1118 3059 1397 3131 Stephano
1460 3072 1618 3127 teste,
1677 3062 1829 3134 Syris
1879 3072 2061 3118 autem

486 3143 614 3200 Tela
643 3133 756 3210 n‘m
784 3142 927 3213 quod
955 3151 1248 3214 utrumque
1268 3160 1465 3201 nomen
1498 3133 1730 3201 mutavit
1761 3146 2063 3201 Constantii

485 3227 833 3298 imperatoris
859 3225 1040 3295 jussu,
1085 3226 1544 3294 quemadmodum
1598 3228 1805 3285 Chron.
1840 3228 2066 3284 Edesse-

486 3324 621 3366 num
648 3319 780 3365 tom.
812 3308 831 3363 I
860 3307 997 3364 Bibl.
1036 3306 1241 3365 Orient.
1287 3326 1345 3382 p.
1395 3312 1500 3366 395
1534 3312 1719 3367 refert.
1760 3312 1913 3379 Quod
1935 3328 2065 3368 vero

474 3387 515 3448 'a
544 3394 801 3451 Chrouiei
831 3403 1054 3449 auctore
1078 3394 1320 3459 additur,
1354 3411 1470 3463 qua:
1491 3395 1615 3448 olim
1645 3396 2063 3465 Antipolisdice-

488 3479 667 3541 batur,
698 3493 804 3532 non
846 3476 976 3530 mihi
1020 3476 1159 3532 satis
1210 3484 1417 3530 rectum
1482 3476 1719 3531 videtur.
1782 3478 2066 3533 Succurrit

486 3561 805 3612 Ammianus
835 3559 901 3611 18
933 3559 988 3621 9,
1020 3560 1108 3612 ubi
1149 3557 1458 3611 Ammidam
1508 3568 1563 3613 et
1614 3560 2063 3629 Antoninupolin,

488 3654 718 3709 prorsus
765 3650 825 3694 ut
872 3640 1110 3708 scriptor
1157 3640 1491 3707 Edessenus,
1520 3642 1710 3696 eodem
1764 3651 2064 3713 tempores

489 3722 812 3777 Constantio
842 3723 1170 3777 instauratas
1204 3721 1373 3778 luisse
1405 3735 1688 3780 memerat.
1714 3723 1853 3781 Male
1884 3726 2067 3796 itaque

488 3807 823 3861 Assemanns
853 3804 1074 3859 dissert.
1113 3804 1187 3861 De
1227 3804 1621 3876 llonopbysitis
1684 3817 1812 3863 tom.
1848 3808 1888 3863 II
1922 3808 2062 3863 Bibl.

490 3888 703 3945 Orient.
763 3902 827 3941 ex
888 3887 1124 3957 Antipoli
1174 3888 1303 3943 facit
1359 3890 1839 3946 Anthemusiadem
1893 3889 2066 3945 Taciti

487 3973 606 4029 sive
638 3972 1052 4026 Anthemusiam
1105 3970 1359 4037 aliorum,
1440 3961 1894 4043 reprehenditun
1959 3973 2064 4031 Ch.

489 4054 806 4120 CclIarimn,
841 4055 932 4123 qui
969 4052 1305 4125 Stephanum
1354 4055 1687 4125 Suidamque
1728 4066 1946 4113 secntus
1968 4056 2068 4112 Ni-

486 4139 804 4208 cephorium
834 4152 865 4191 a
894 4139 1255 4195 Constantina
1293 4140 1427 4194 nihil
1470 4139 1691 4195 differre
1725 4149 1871 4196 recte
1920 4140 2065 4197 adir-

478 4228 749 4294 _maverat.
769 4222 972 4275 Aberat
988 4220 1057 4275 ad
1073 4235 1327 4277 occasum
1353 4220 1555 4276 Nisibis
1569 4229 1625 4277 et
1639 4222 2064 4292 septentrionem

488 4305 696 4359 Amida:
734 4304 931 4359 stadiis
960 4304 1050 4369 56,
1082 4306 1130 4360 si
1186 4320 1308 4373 qua:
1368 4303 1501 4360 lides
1538 4303 1856 4375 TheOphani
1896 4306 2068 4362 Chro-

488 4404 641 4460 nogr.
666 4404 721 4459 p.
750 4388 891 4454 ηις
922 4402 1042 4457 quae
1073 4402 1227 4452 sane,
1272 4387 1371 4443 nisi
1394 4387 1553 4459 culpa
1588 4387 1793 4444 recidat
1826 4388 1880 4444 in
1900 4389 2065 4445 libra-

490 4473 624 4536 rios,
660 4472 851 4542 exigua
889 4484 1013 4526 esse
1042 4470 1201 4526 debet
1231 4488 1245 4524 :
1277 4470 1493 4540 longius
1536 4472 1683 4526 enim
1716 4472 2064 4529 intervallum

488 4554 545 4609 in
570 4566 663 4608 eas
692 4555 855 4609 urbes
902 4553 1246 4623 interiectum
1286 4554 1458 4608 fuisse
1488 4552 1937 4621 Peutingerorum
1961 4556 2067 4610 Ta-

488 4636 617 4689 bula
637 4644 784 4690 vetat
821 4636 1095 4700 dubitare,
1134 4636 1253 4689 vide
1310 4635 1474 4689 etiam
1510 4634 1829 4705 Procopium
1880 4636 2060 4708 .Edif.

488 4718 689 4772 Justin.
725 4734 784 4781 Il,
809 4718 861 4771 5.

560 4800 695 4853 Ibid.
747 4800 1269 4865 Θεοδοσιούστολις.
1331 4798 1515 4857 l’osita
1571 4810 1690 4856 erat
1740 4804 1807 4857 ad
1864 4802 2061 4859 ﬂumen

487 4884 822 4939 Chaborram
854 4884 973 4939 loco
994 4884 1223 4938 munito.
1252 4884 1546 4954 Procopius
1574 4884 1739 4939 Fabr.
1772 4885 1975 4941 Justin.
2000 4905 2062 4954 ιι,

488 4970 524 5024 5
561 4985 574 5019 :
627 4968 1066 5031 Θεοδοσιούπολις
1094 4970 1126 5038 ἡ
1156 4968 1307 5038 παρὰ
1364 4968 1611 5039 ποταμὸν
1648 4969 1912 5040 Ἀδόρῤαν
1956 4970 2063 5038 γῆς

484 5050 599 5104 τῶν
661 5050 950 5120 Ῥωμαίων
992 5050 1436 5121 προδεόλημένη.
1495 5051 1880 5123 Distinguenda
1927 5067 2061 5124 ergo

487 5134 557 5188 ab
588 5132 755 5188 altera
786 5131 1031 5201 ejusdem
1088 5138 1175 5187 est
1222 5133 1461 5189 nominis
1514 5136 1649 5189 urbe
1693 5135 1745 5188 in
1782 5135 2058 5200 Armenia,

485 5233 592 5271 oua
620 5216 685 5271 de
726 5212 893 5271 Fabr.
924 5214 1065 5269 Just.
1106 5232 1191 5282 ut,
1224 5216 1278 5272 5.

557 5300 694 5354 Ibid.
724 5299 967 5368 depat.
997 5297 1161 5354 Recte
1218 5300 1291 5352 ita
1316 5298 1484 5354 codex
1519 5298 1922 5369 Lugdunensis.
1958 5300 2062 5355 Ur-

484 5385 605 5439 bem
626 5382 944 5445 Christiani,
974 5382 1119 5451 quod
1146 5382 1294 5437 cives
1324 5382 1498 5438 sacris
1542 5395 1876 5452 paganorum
1907 5383 2063 5438 dedi-

488 5467 687 5522 tissimi
717 5475 923 5530 essent,
965 5465 1237 5535 Ἑλλήνων
1302 5464 1455 5518 πόλιν
1506 5475 1789 5521 vocarunt.
1824 5463 2062 5521 Libellus

490 5550 765 5605 Samuelis
789 5560 843 5604 et
865 5548 1199 5620 reliquorum
1231 5551 1668 5621 presbyterorum
1701 5559 1890 5605 contra
1914 5549 2059 5605 Ibam

492 5642 621 5684 tom.
662 5630 734 5685 IX
764 5632 967 5687 Concil.
1010 5631 1182 5686 Labb.
1213 5646 1269 5701 p.
1324 5632 1391 5686 '57
1441 5651 1455 5687 :
1504 5632 1626 5686 Ὀτι
1681 5633 2057 5704 ἐχειροτόνησε

491 5714 754 5780 Δανιῆλον
782 5717 873 5768 τὸν
898 5716 1059 5769 αὑτοῦ
1087 5717 1401 5785 ἀδελφιδοῦν
1427 5720 1722 5772 ἐπίσκοπον
1754 5718 2059 5790 τῆςἘλλή-

485 5812 595 5855 μων
625 5796 849 5860 πόλιως.
902 5797 1001 5854 Ubi
1027 5815 1119 5856 cos
1144 5799 1339 5858 Carras
1372 5803 1672 5871 intelligere
1714 5804 1878 5861 libelli
1917 5806 2059 5874 prin-

1519 362 1896 425 ADDENDA.
1928 388 1997 401 -
2037 365 2100 426 Ρ.
2140 366 2653 428 WESSELINGII

3599 368 3726 429 1172

2168 474 2367 542 cipium
2425 474 2701 531 ostendit:
2731 471 3043 543 Συνήλασεν
3093 472 3261 542 ἡμᾶς.
3320 472 3593 540 inquiunt,
3640 476 3725 529 ἐπὶ

2159 557 2321 623 τήνδε
2377 556 2478 629 τὴν
2530 556 2869 626 κατηγορίαν
2924 554 3101 607 ἐλθεῖν
3155 553 3323 609 αὑτοῦ
3379 571 3440 608 τε
3487 558 3585 609 καὶ
3640 559 3728 611 τοῦ

2160 639 2393 708 ἀδελφοῦ
2422 638 2587 694 αὑτοῦ
2617 638 2903 710 Δανιήλου,
2931 639 3025 692 καὶ
3054 637 3222 691 αὐτοῦ
3257 638 3565 694 ἐπισκόπου
3594 640 3727 712 Καρ·

2162 724 2342 793 ρήνων
2364 722 2589 787 πόλεως,
2626 722 2839 778 tametsi
2872 720 3012 777 male
3042 720 3271 789 ἁδελφὸς
3305 720 3406 776 Ib:e
3432 721 3608 776 frater
3633 725 3727 777 [ιι.
3783 723 3805 745 "

2161 804 2266 858 uiel
2298 812 2541 870 vocetur,
2578 805 2669 873 qui
2697 800 3017 872 ἀδελφιδοῦς
3069 803 3184 858 sive
3222 804 3407 858 fratris
3458 804 3572 859 Ihm
3600 805 3727 861 ﬁlius

2159 884 2276 941 fuit.
2311 886 2474 957 Pejus
2516 901 2644 943 vero
2694 887 3176 943 commonitorium
3207 886 3492 945 Damaseio
3519 891 3727 945 tribuno

2160 970 2387 1026 missum
2422 984 2479 1041 ι).
2531 970 2603 1026 26
2642 971 2906 1041 Δανιῆλον
2952 970 3047 1024 τὸν
3097 970 3497 1025 εὖλαὸἑστατον
3549 973 3726 1028 050M-

2158 1052 2489 1117 σιουπόλεως
2536 1054 2837 1107 ἐπίσκοπον
2882 1061 3161 1121 nuncupat
3195 1071 3211 1106 :
3248 1066 3424 1121 neque
3456 1053 3608 1109 enim
3649 1056 3729 1112 ille

2157 1133 2743 1207 Theodosiopolitanus
2770 1136 2870 1190 luit
2896 1135 3114 1205 praesul,
3148 1134 3245 1190 sed
3272 1132 3552 1203 Joannes;
3575 1150 3727 1205 quare

2157 1218 2341 1274 verius
2372 1225 2583 1275 vetusta
2634 1218 2933 1275 ventio"...
2966 1226 3015 1272 et
3045 1216 3315 1271 Danielem
3345 1215 3722 1272 Carrhenorunt

2157 1300 2383 1355 civitatis
2443 1303 2740 1371 episcopum
2790 1311 2841 1355 et
2908 1300 3171 1354 Joannem
3253 1301 3725 1355 reccrendissimum

2162 1380 2747 1451 Theodosiopolitanum
2776 1385 3075 1453 episc0pum
3102 1381 3338 1450 praefert.
3370 1383 3649 1439 Consentit
3674 1385 3721 1439 in

2160 1463 2451 1519 Carrarum
2488 1465 2579 1521 illo
2605 1466 2763 1520 titulo
2786 1467 3019 1535 scriptor
3054 1464 3225 1535 Syrus
3247 1463 3380 1520 Vita:
3422 1465 3479 1520 S.
3515 1464 3725 1535 Ephre-

2160 1548 2259 1615 mi,
2284 1549 2375 1618 qui
2402 1557 2535 1605 tom.
2574 1548 2754 1603 IBibl.
2791 1549 3001 1605 Orient.
3032 1565 3085 1618 p.
3127 1549 3188 1603 5|
3257 1548 3327 1605 de
3372 1549 3589 1604 Juliano
3623 1565 3637 1601 :
3667 1549 3726 1603 Et

2159 1633 2369 1686 diuertit
2432 1631 2655 1698 Carras,
2736 1638 2919 1687 urbem
2985 1648 3316 1704 paganorum
3387 1634 3727 1703 refertamque

2158 1716 2479 1772 simulacris.
2502 1716 2635 1773 Vide
2668 1717 2851 1788 itaque
2884 1717 3113 1772 buccine
3129 1716 3319 1773 referri
3351 1727 3598 1788 oporteat
3622 1718 3656 1771 l.
3674 1719 3725 1773 8.

2157 1812 2209 1854 c.
2243 1800 2344 1854 Th.
2367 1800 2433 1855 de
2475 1800 2703 1871 Pagan.,
2730 1815 2835 1870 qua
2887 1798 3233 1855 Theodosius
3271 1799 3395 1855 duci
3444 1798 3727 1857 Osdroeoz

2159 1884 2352 1941 scribit
2384 1902 2397 1938 :
2426 1883 2619 1939 Edent
2660 1884 2784 1938 olim
2842 1883 3148 1953 frequentat
3199 1885 3515 1950 dedicatam,
3579 1885 3728 1938 (ωτιιὲ

2159 1970 2323 2022 etiam
2346 1969 2540 2037 populo
2565 1984 2768 2038 quoque
2792 1983 3143 2034 communem,
3185 1968 3240 2020 in
3287 1983 3388 2036 qua
3436 1967 3729 2020 simulacra

2159 2053 2403 2121 feruntur
2425 2052 2621 2123 posita,
2650 2052 2780 2105 artis
2811 2052 2977 2117 pretio
2996 2067 3157 2121 quam
3181 2051 3445 2105 divinitate
3463 2051 3731 2103 metienda

2151 2134 2359 2204 jugiter
2391 2142 2567 2199 patere
2602 2134 2798 2202 publici
2822 2134 3031 2187 concilii
3056 2136 3370 2187 auctoritate
3385 2133 3727 2188 decernimus.

2159 2218 2287 2273 Mihi
2319 2234 2475 2285 sane,
2502 2220 2711 2275 tametsi
2743 2234 2842 2289 pro
2874 2218 3071 2274 Edessa
3096 2218 3461 2275 Gothofredus
3486 2219 3725 2288 disputa-

2158 2303 2321 2367 verit,
2352 2305 2497 2360 sedes
2531 2302 2623 2358 illa
2677 2302 2867 2359 Carris
2929 2303 3099 2360 fuisse
3145 2304 3381 2367 videtur,
3438 2302 3726 2372 prresertim

2159 2387 2303 2459 quod
2344 2386 2627 2453 Edesseni,
2661 2397 2717 2443 ut
2745 2404 2809 2442 ex
2833 2403 3019 2444 eorum
3044 2389 3302 2445 cbronico
3321 2388 3547 2459 Syriaco
3570 2396 3723 2457 patet,

2159 2472 2466 2528 Theodosio
2547 2473 2874 2542 imperatore
2945 2486 3226 2527 sacrorum
3304 2470 3725 2525 Christianorum

2159 2565 2341 2613 essent
2416 2555 2801 2612 studiosissimi
2873 2564 3035 2625 atque
3096 2572 3125 2608 a
3196 2554 3509 2610 simulacris
3567 2567 3721 2605 aver-

2161 2640 2388 2695 sissimi.
2453 2638 2613 2693 Plura
2671 2641 2797 2692 Ant.
2854 2638 2986 2692 ltiti.
3061 2654 3117 2708 p.
3170 2635 3276 2693 I93
3323 2648 3379 2690 et
3438 2638 3503 2691 de
3554 2635 3727 2689 Batnis

2162 2736 2284 2790 pag.
2316 2721 2438 2775 I90.

2236 2805 2367 2859 Ibid.
2421 2803 2544 2858 Νέα
2596 2808 2914 2860 Βαλεντια.
2967 2805 3268 2875 Nusquam,
3320 2804 3464 2875 quod
3520 2805 3730 2872 quidem

2165 2888 2439 2955 recordor,
2468 2888 2607 2943 hanc
2654 2887 2960 2942 Valentiam
3017 2886 3257 2957 reperire
3315 2889 3486 2957 potui.
3518 2887 3731 2941 Videtur

2163 2985 2194 3026 e
2223 2972 2460 3028 castellis
2499 2971 2670 3027 fuisse
2688 2986 2809 3042 quas
2834 2972 3093 3041 Euphrati
3126 2973 3460 3027 assidebant.

2236 3056 2370 3111 Ibid.
2401 3056 2826 3122 Λεοντόπολις.
2857 3054 3192 3111 Ριειιειίιειιαι
3209 3057 3244 3125 ἡ
3267 3057 3362 3108 καὶ
3388 3055 3729 3117 Καλλίνικος,

2164 3139 2437 3212 quomodo
2491 3140 2771 3205 Libanius,
2809 3138 3208 3205 'I‘heodoretus,
3234 3138 3527 3209 Procopius
3576 3149 3733 3210 atque

2165 3227 2279 3290 alii,
2306 3226 2416 3293 jam
2448 3234 2574 3278 ante
2604 3225 2671 3278 ad
2693 3225 2817 3277 Ant.
2846 3222 2977 3277 Itin.
3008 3239 3061 3293 p.
3098 3224 3195 3279 191
3228 3222 3501 3294 appellati.
3535 3220 3736 3277 Urbem

2166 3308 2494 3363 instauravit
2530 3307 2658 3376 imp.
2687 3306 2798 3362 Leo
2840 3307 2985 3362 circa
3015 3323 3066 3361 a.
3098 3307 3223 3370 466,
3281 3319 3488 3374 suoque
3520 3305 3739 3359 nomine

2167 3392 2428 3458 insignem
2456 3404 2579 3445 esse
2617 3390 2807 3452 voluit,
2862 3390 2936 3443 uti
2995 3388 3197 3446 Chron.
3247 3387 3731 3442 EtleSSBIIOIOIII.l

2164 3473 2307 3529 Bibl.
2347 3473 2581 3540 0rient.,
2616 3490 2669 3543 p.
2717 3474 2823 3529 405
2868 3476 3241 3545 perscriptum.
3270 3472 3413 3527 Adde
3429 3472 3740 3527 Assemano

2167 3567 2350 3612 notata
2377 3560 2505 3613 tomi
2532 3559 2649 3627 ejus
2674 3576 2725 3627 p.
2754 3559 2883 3613 258.

2240 3642 2369 3696 Ibid.
2396 3643 2599 3710 Βίρθα.
2650 3642 2796 3695 Virta
2824 3643 3204 3695 munimentum
3250 3641 3398 3694 valde
3455 3650 3739 3701 vetustum,

2165 3728 2220 3780 in
2253 3735 2484 3779 extremo
2546 3724 2939 3794 Mesopotamia
3003 3727 3165 3779 situm
3218 3725 3534 3777 Ammianus
3592 3721 3662 3774 90
3708 3722 3741 3774 7

2167 3817 2454 3874 memorat,
2482 3810 2624 3877 quod
2666 3821 2791 3863 cum
2849 3806 3033 3861 Birtba
3055 3807 3301 3862 videatur
3350 3802 3624 3860 Ptolema-i
3674 3807 3741 3856 ad

2166 3889 2393 3961 Tigrim,
2423 3902 2605 3947 nostra
2635 3906 2754 3946 esse
2771 3891 2979 3961 nequit.
3002 3890 3165 3947 Forte
3185 3894 3297 3945 haec
3326 3891 3455 3944 latet
3476 3889 3529 3944 in
3561 3889 3737 3946 Binta,

2167 3976 2253 4030 cui
2287 3975 2340 4028 in
2381 3973 2657 4029 Osdroena
2690 3974 2867 4028 locum
2896 3973 3043 4029 dedit
3089 3972 3297 4027 Notitia
3349 3970 3485 4042 Imp.
3536 3970 3737 4026 Oriens.

2168 4073 2216 4113 c.
2256 4056 2380 4112 I69.

2240 4140 2374 4196 Ibid.
2421 4140 2713 4209 Ἐπαρχία
2740 4140 3224 4209 Μεσοποταμίας.
3276 4138 3500 4195 I‘rtesidi
3529 4152 3745 4207 quoque

2170 4224 2393 4294 paretiu
2428 4222 2636 4276 Notitia
2662 4222 2803 4291 Imp.
2857 4224 3063 4278 Orient.
3093 4238 3144 4277 c.
3181 4222 3231 4280 I.
3263 4222 3416 4287 Quod
3461 4237 3586 4275 vero
3629 4236 3744 4274 una

2169 4308 2244 4363 illi
2278 4306 2407 4362 urbs
2463 4306 2655 4362 Amida
2696 4308 2879 4371 datur,
2937 4306 2987 4361 id
3035 4321 3104 4362 ne
3163 4305 3400 4361 librariis
3459 4315 3741 4373 acceptum

2167 4389 2359 4448 referri
2421 4400 2671 4461 oporteat
2728 4406 2961 4445 vereor:
3011 4400 3168 4445 erant
3223 4392 3421 4460 quippe
3478 4390 3746 4444 Hieroclis

2166 4482 2325 4529 aetate
2355 4471 2538 4542 plures
2567 4473 2624 4527 in
2658 4487 2720 4527 ea
2756 4473 3037 4543 provincia
3077 4474 3239 4528 urbes
3273 4484 3327 4527 et
3358 4472 3597 4527 castella.
3639 4470 3747 4525 Da-

2165 4569 2256 4610 ras
2297 4555 2458 4624 paulo
2497 4564 2624 4610 ante
2670 4556 2973 4610 muniverat
3037 4555 3167 4624 imp.
3225 4554 3547 4609 Anastasius
3596 4556 3741 4619 apud

2167 4637 2454 4709 Evagrium
2493 4634 2563 4691 11.
2604 4635 2670 4693 Ε.
2701 4636 2735 4692 5
2763 4638 2851 4703 57,
2881 4652 2947 4693 ne
2988 4638 3056 4693 de
3104 4638 3324 4693 arcibus
3376 4638 3573 4700 dicam,
3606 4651 3746 4705 quas

2165 4719 2469 4791 Procopius
2493 4720 2559 4775 de
2577 4716 2741 4775 Fabr.
2773 4720 2975 4775 lustio.
3004 4736 3060 4786 ιι,
3089 4722 3122 4773 4
3150 4722 3428 4775 describit.

2211 4804 2370 4858 Jbitl.
2401 4803 2627 4871 Ἀμιδα.
2668 4802 2830 4857 Πόλιν
2864 4803 3069 4874 ὀχυρὰν
3101 4803 3203 4872 τῆς
3239 4805 3407 4874 μέσης
3439 4804 3548 4858 τῶν
3586 4822 3750 4858 ποτα·

2169 4886 2285 4957 μῶν
2320 4885 2581 4955 Evagrius
2618 4883 2688 4939 ll.
2732 4882 2795 4939 Ε.
2852 4887 2885 4940 5
2917 4886 2986 4939 57
3031 4887 3284 4955 appellat.
3345 4885 3519 4941 Situm
3570 4888 3751 4955 signat

2164 4970 2482 5025 Ammianus
2520 4968 2582 5022 l8
2615 4967 2669 5033 9,
2701 4968 2999 5037 Procopius
3039 4979 3200 5040 atque
3257 4972 3374 5035 alii,
3407 4986 3545 5039 quos
3600 4986 3750 5024 nunc

2166 5062 2446 5124 praetereo.
2477 5050 2533 5105 Id
2564 5066 2824 5120 quaeram.
2862 5055 3077 5107 tametsi
3108 5058 3175 5108 ab
3210 5055 3458 5108 instituto
3499 5055 3747 5119 recedat,

2166 5151 2425 5192 verumne
2451 5135 2520 5190 sit
2543 5135 2777 5199 Nisibin,
2801 5136 3071 5190 celebrem
3099 5137 3227 5191 olim
3259 5136 3417 5203 hujus
3450 5137 3753 5204 provincia

2165 5221 2377 5282 urbem,
2408 5218 2705 5272 Σιὸάπολιν
2730 5217 2897 5272 fuisse
2916 5227 3311 5287 nuncupatam.
3340 5220 3485 5275 Abiit
3514 5220 3568 5274 in
3608 5222 3754 5274 banc

2164 5305 2475 5372 opinionem
2510 5303 2572 5357 D.
2608 5302 3004 5371 Papebrochius
3045 5313 3177 5358 tom.
3217 5303 3255 5357 V
3292 5303 3442 5367 .Inn.,
3476 5321 3530 5373 p.
3585 5302 3652 5356 l5
3680 5302 3750 5356 ad

2166 5387 2343 5441 Vitam
2380 5386 2438 5441 S.
2466 5384 2766 5446 Febronite.
2801 5385 2852 5439 in
2896 5384 3053 5452 cujus
3094 5388 3244 5441 Actis
3281 5402 3330 5441 c.
3376 5388 3395 5440 I
3430 5384 3747 5449 Σιὸἀπολις,

2164 5471 2285 5540 ἥτις
2308 5470 2542 5523 διέκειτο
2570 5471 2627 5522 ἐν
2648 5470 2815 5540 ὁρίοις
2872 5471 2983 5532 τοῖς
3030 5470 3165 5540 πρὸς
3213 5472 3339 5534 τοὺς
3403 5469 3751 5540 Ἀσσυρίους.

2165 5554 2361 5610 Censet
2387 5555 2471 5608 vir
2491 5554 2686 5608 doctus
2713 5552 2975 5622 Syrorum
3003 5567 3257 5609 sermone
3287 5554 3500 5608 Nisibin
3550 5564 3607 5607 et
3651 5552 3750 5606 Si-

2165 5638 2377 5708 bapolin
2408 5651 2518 5690 rem
2549 5636 2794 5692 eamdem
2817 5636 3161 5704 signiﬁcare;
3214 5638 3384 5706 quod,
3412 5647 3566 5707 puto,
3603 5652 3753 5688 lllllt-

2164 5736 2326 5788 quam
2357 5720 2700 5789 probabitur.
2735 5719 2877 5774 Nihil
2909 5735 3127 5791 quoque
3156 5722 3207 5775 in
3240 5720 3417 5787 Actis,
3450 5720 3592 5773 unde
3647 5717 3754 5771 Ni-

2162 5803 2734 5879 sibinintclligcndam
2795 5820 2914 5863 esse
2963 5805 3207 5875 colligas.
3269 5807 3383 5877 Ego
3440 5805 3536 5874 τὴν
3573 5802 3754 5855 Σιϐά-
