3980 6210
347 329 484 396 11ῑ3

341 446 496 496 πολιν
531 460 633 495 non
665 444 823 496 aliam
849 457 970 498 esse
1004 451 1222 496 autumo
1252 454 1413 514 atque
1454 440 1573 501 eam
1606 461 1726 515 qua:
1748 446 1902 515 Syris

342 528 699 590 Sibabaret-h,
725 528 989 597 cujusque
1017 528 1158 580 haud
1190 526 1420 580 obscura
1442 528 1644 585 mentio
1673 531 1727 583 in
1764 530 1905 583 Bibl.

342 612 548 665 ()rient.
594 620 722 665 tom.
758 611 821 673 ll,
856 627 909 680 p.
941 612 1075 675 56l;
1113 611 1361 663 Actorum
1402 623 1581 667 autem
1632 613 1911 669 Febronia:

338 696 697 764 interpretetn
759 694 1088 748 Sibacarech
1139 695 1331 763 legisse
1356 704 1402 748 et
1432 706 1717 763 propterea
1752 700 1910 753 Σιϐά-

341 778 494 830 πολιν
554 779 781 832 vertisse
813 797 825 832 :
855 778 1007 847 Syris
1052 778 1195 831 enim
1222 788 1326 834 Ta:
1351 793 1445 832 seu
1478 790 1627 837 κ)ῆὲ
1655 784 1909 847 Oppidum

337 861 629 927 signiﬁcat,
668 870 720 913 et
745 863 990 927 proxime
1013 876 1043 913 a
1078 860 1436 929 produt-tione
1468 862 1620 914 urbis
1682 861 1911 916 Sibaba-

335 944 489 1004 rcch,
533 944 672 995 unde
719 942 895 996 facilis
938 944 1109 996 errori
1152 944 1258 1004 via,
1314 944 1501 996 distat.
1570 943 1749 999 Posita
1785 948 1913 999 urbs

335 1035 456 1078 crat
503 1026 642 1078 intra
675 1023 1148 1092 diesepotamiam,
1196 1037 1354 1079 utea
1404 1027 1533 1079 Actu
1587 1029 1911 1091 ostendunt;

336 1125 458 1177 qua:
510 1122 596 1162 res
652 1112 954 1163 Assemano
1005 1110 1057 1162 in
1118 1110 1339 1163 dissert.
1396 1111 1461 1162 de
1520 1109 1916 1179 Monophysitis

336 1202 468 1245 tom.
499 1190 537 1243 ll
566 1188 709 1243 Bibl.
743 1192 946 1246 Orient.
985 1192 1144 1245 dttbia
1194 1186 1597 1259 atque'incerta
1648 1192 1762 1247 visa
1809 1204 1912 1247 est.

338 1274 451 1329 lloc
478 1276 653 1329 obiter
682 1290 695 1323 :
723 1290 866 1326 nunc
894 1274 945 1326 in
979 1273 1120 1326 viam
1154 1274 1460 1327 redeamus.

404 1369 525 1424 Col.
556 1369 675 1424 155.
707 1368 1008 1435 Φοινίκης.
1042 1368 1165 1422 llaec
1195 1378 1279 1423 est
1304 1370 1523 1441 Φοινίκη
1547 1370 1809 1441 πάραλος,
1840 1371 1913 1424 ιιιί

338 1451 569 1517 Evagrio
597 1453 629 1503 3
654 1451 722 1503 55
759 1460 813 1504 et
846 1450 931 1504 Jo.
987 1451 1190 1505 Malalae
1239 1462 1368 1505 tom.
1401 1451 1464 1516 Il,
1504 1470 1555 1520 p.
1600 1456 1669 1507 75
1694 1456 1912 1509 dicitur.

342 1532 622 1586 Subditam
657 1534 825 1589 fuisse
854 1536 969 1589 viro
1015 1535 1284 1589 consulari
1319 1537 1352 1589 l.
1391 1536 1461 1589 52
1511 1541 1576 1590 de
1616 1539 1913 1592 Decurion.

340 1628 394 1672 et
425 1619 631 1673 Notitia
664 1618 777 1689 Imp
804 1620 1009 1673 Orient.
1040 1634 1093 1675 c.
1126 1623 1144 1673 I
1175 1630 1460 1676 testantur.
1507 1622 1668 1677 Facta
1695 1625 1918 1692 provin-

341 1703 423 1756 cia
457 1712 560 1760 est.
593 1701 688 1757 sed
717 1703 882 1757 multo
920 1703 1151 1771 amplior
1183 1713 1236 1757 et
1268 1705 1561 1759 Pltmniccn
1614 1707 1907 1759 secundam

336 1785 638 1853 complexa,
663 1786 728 1839 ab
754 1786 996 1839 Adriano
1025 1786 1167 1854 apud
1200 1786 1475 1854 Spartian.
1499 1804 1549 1841 ιε.
1584 1787 1672 1841 II.

411 1868 544 1923 Ibid.
601 1870 817 1935 Τύρος.
862 1868 1159 1924 Provinciae
1223 1879 1340 1924 erat
1411 1872 1748 1941 metropolis,
1806 1886 1913 1939 quo

341 1951 495 2005 titulo
521 1953 619 2005 etsi
659 1953 711 2005 in
750 1954 989 2006 ntnnmis
1043 1962 1168 2006 ante
1200 1954 1497 2007 Adrianum
1541 1956 1767 2019 insignis
1809 1966 1910 2017 est,

338 2033 594 2088 Phoenice
625 2044 805 2088 tamen
834 2049 863 2087 a
897 2035 1054 2103 Syria
1110 2035 1353 2100 devulsa,
1414 2037 1708 2102 provinciae
1751 2048 1913 2106 caput

336 2125 422 2170 est
455 2116 725 2183 imposita,
750 2128 808 2169 ut
838 2116 1033 2171 Suidas
1061 2117 1113 2170 in
1160 2118 1370 2181 Παῦλος
1396 2119 1595 2187 Τύριος
1616 2119 1906 2187 signiﬁcat.

317 2197 473 2251 .Vide
503 2196 775 2251 Norisium
795 2199 926 2255 diss.
954 2199 1021 2252 de
1052 2198 1249 2266 Epoclt.
1283 2200 1317 2254 5
1366 2217 1420 2269 p.
1474 2200 1578 2256 596
1627 2210 1681 2254 et
1730 2201 1910 2270 Spain-

339 2280 486 2334 bcm.
509 2279 729 2334 Dissert.
758 2296 811 2335 ιι
850 2281 915 2334 de
947 2279 1041 2335 Us.
1073 2281 1135 2335 de
1162 2281 1351 2337 Prtest.
1378 2282 1451 2337 Ν.
1482 2299 1533 2352 p.
1564 2282 1690 2338 588.

360 2440 363 2441 ν
409 2374 539 2430 Ibid.
572 2376 629 2428 Β.
658 2378 945 2444 Βηρυτός.
972 2377 1385 2446 Metropolitano
1410 2380 1630 2434 nomine
1650 2393 1712 2433 ac
1733 2380 1909 2449 digni-

338 2467 449 2511 tate
508 2459 787 2513 civitatem
848 2460 1102 2529 Berytum
1156 2470 1520 2515 exornaverat
1570 2462 1911 2516 Theodosius

336 2542 603 2595 secundus
635 2541 667 2595 Ι.
706 2558 798 2597 un.
834 2557 883 2595 c.
925 2543 991 2596 de
1022 2554 1251 2612 metrop.
1298 2543 1521 2613 Beryt.;
1558 2560 1661 2612 qua
1702 2560 1758 2599 re
1799 2544 1907 2597 Eu-

342 2624 577 2677 stathius
617 2626 768 2679 urbis
809 2624 925 2692 ejus
952 2625 1145 2693 prmsul
1191 2639 1458 2680 accensus
1497 2626 1786 2681 Phoenices
1818 2642 1909 2679 ur-

337 2706 434 2758 bes
482 2704 706 2775 Byblon,
730 2705 950 2776 Botryn,
1001 2706 1268 2775 Tripolin,
1297 2707 1710 2771 Orthosiadem,
1737 2709 1907 2763 Arcas

336 2799 501 2855 atque
528 2790 841 2842 Antaradon
877 2790 1005 2851 sibi,
1031 2799 1214 2859 utpote
1246 2807 1396 2844 novre
1431 2794 1715 2861 metropoli
1738 2793 1908 2861 subji-

341 2874 585 2937 ciendas,
615 2874 931 2926 vindicavit.
958 2873 1163 2926 Contra
1197 2875 1342 2928 venit
1362 2874 1584 2929 Photius
1614 2875 1902 2945 Tyriorum

340 2956 556 3022 przesnl,
594 2965 946 3023 qutestusqne
982 2967 1067 3009 est
1089 2954 1343 3010 Patribus
1372 2955 1909 3011 Chalcedonensibus

340 3040 408 3089 ab
458 3036 741 3091 Eustatbio
800 3037 1053 3105 injuriam
1110 3039 1210 3091 sibi
1275 3037 1478 3090 illatam
1538 3052 1909 3107 rationemque

337 3119 542 3173 Nicami
586 3120 741 3188 primi
770 3120 987 3175 concilii
1042 3129 1297 3186 quartum
1336 3129 1591 3187 proterve
1622 3135 1744 3174 esse
1788 3136 1910 3188 pro-

334 3204 635 3257 cuICatum.
667 3202 856 3258 Patres
890 3206 1188 3259 secundum
1222 3203 1473 3257 Photium
1511 3204 1657 3256 litem
1683 3194 1902 3268 dedere,

330 3285 720 3356 jusseruntque
745 3287 945 3358 Tyrum
968 3303 1087 3342 esse
1119 3288 1471 3357 metropolin,
1504 3287 1759 3358 Berytum
1781 3304 1907 3342 vero

337 3368 471 3421 nihil
510 3379 704 3435 printer
730 3379 957 3423 exteras
1001 3371 1298 3440 provineize
1358 3370 1522 3425 urbes
1550 3371 1650 3423 sibi
1692 3386 1907 3425 sumere

336 3465 388 3518 p.
415 3452 537 3505 69.2.
594 3453 743 3507 Adde
773 3452 1145 3508 Balsamouem
1186 3457 1237 3507 in
1294 3470 1416 3507 can.
1448 3454 1517 3507 29
1575 3453 1901 3509 Chalcedon.

334 3534 547 3586 concilii
572 3536 707 3600 apud
739 3535 1085 3605 Beveregium
1122 3545 1253 3590 tom.
1276 3536 1319 3601 I,
1349 3552 1399 3605 p.
1434 3536 1558 3591 148.
1591 3535 1748 3589 Plttra
1778 3535 1903 3589 Itin.

336 3615 404 3667 Il.
442 3631 491 3683 p.
525 3617 630 3671 585
659 3626 712 3671 et
740 3619 805 3691 de
840 3621 1195 3686 sequentibus
1229 3625 1355 3673 Ant.
1398 3622 1528 3674 Itin.
1558 3639 1611 3691 p.
1642 3621 1762 3675 H8.

406 3710 539 3765 Ibid.
587 3715 877 3779 Βόστρυς.
916 3713 1055 3782 Lege
1082 3715 1283 3784 Βότρυς
1314 3725 1368 3769 et
1398 3716 1621 3779 Βύϐλος,
1665 3717 1769 3768 etsi
1814 3716 1904 3766 Βί-

335 3795 461 3857 ϐλος
499 3796 570 3846 sit
606 3795 657 3847 in
702 3796 850 3847 Actis
888 3796 1220 3849 Chalcedon.
1266 3812 1317 3864 ι).
1364 3796 1493 3861 618,
1549 3796 1789 3865 Βόστρυς
1854 3797 1906 3849 itt

336 3879 643 3946 Chronogr.
679 3877 1028 3943 TheOphanis
1064 3894 1118 3946 p.
1155 3878 1278 3930 I95.

408 3971 541 4025 Ibid.
579 3973 792 4040 ‘Apxal.
825 3972 991 4027 Recte
1032 3988 1191 4035 mss.,
1231 3981 1290 4025 ut
1331 3971 1466 4025 alias
1501 3973 1757 4026 diximus.
1794 3975 1907 4026 Au-

337 4056 503 4109 rclins
537 4055 720 4109 Victor
748 4058 940 4125 duplex
973 4057 1043 4109 illi
1088 4073 1284 4111 nomvn
1316 4055 1484 4110 fuisse
1512 4056 1668 4110 Area:
1700 4068 1755 4112 et
1787 4058 1905 4111 (Βαι-

334 4154 505 4190 sarea:
531 4140 580 4191 in
614 4140 921 4193 Alexandro
948 4139 1149 4194 Severo
1172 4149 1484 4203 asseverat;
1519 4156 1749 4207 cumque
1780 4140 1909 4194 urbs

340 4220 543 4273 Libano
573 4221 735 4274 fuerit
766 4223 963 4287 vicina,
1000 4224 1075 4275 uti
1110 4222 1276 4277 Gesta
1310 4220 1575 4278 Tancredi
1609 4237 1661 4277 c.
1695 4224 1796 4277 105
1827 4224 1907 4278 in-

338 4304 554 4367 dit-ant,
609 4307 748 4359 haud
798 4306 1105 4373 spernenda
1163 4307 1374 4361 videtur
1417 4304 1482 4358 Ν.
1516 4304 1727 4376 llaymii
1778 4323 1908 4363 con-

334 4389 672 4455 jectura,qna
694 4405 967 4442 nummum
986 4390 1292 4459 Καισαρίας
1314 4390 1546 4444 Λιϐάνου
1573 4390 1909 4462 ιωῑυμτῑιωῑι

340 4481 468 4523 ιοιιι.
513 4471 527 4523 l
565 4470 716 4524 Tltes.
759 4471 967 4525 Brimn.
1003 4488 1057 4541 p.
1092 4473 1219 4526 252.

412 4571 543 4623 Ibid.
600 4572 928 4638 Ὀρθοσιὰς.
986 4570 1284 4641 Ὀροωσιὰς
1324 4573 1500 4627 vicina
1547 4572 1710 4628 ﬂuvio
1747 4572 1905 4625 Eleu-

338 4655 493 4707 thero
518 4658 657 4721 apud
683 4654 1007 4708 Strabonem
1032 4654 1094 4707 l6
1132 4670 1181 4723 p.
1202 4653 1328 4708 753.
1361 4654 1492 4709 Vide
1507 4655 1681 4710 Noris.
1702 4654 1903 4724 Epocli.

332 4739 461 4791 diss.
490 4753 573 4803 tl.,
612 4754 662 4806 p.
701 4738 822 4791 105.

408 4836 541 4890 Ibid.
588 4836 854 4902 Ἅραδος.
890 4835 991 4889 Uni
1034 4835 1291 4903 episcopo
1321 4833 1563 4887 Aradum
1600 4842 1765 4901 atque.
1793 4834 1904 4887 Au-

336 4919 582 4970 taradum
639 4919 887 4972 subditas
936 4918 1101 4971 fuisse
1141 4920 1272 4970 Acta
1315 4915 1511 4969 concil.
1550 4915 1806 4982 Ephesini
1852 4926 1906 4968 et

334 5002 662 5055 Chalcedon.
721 5012 905 5055 vetant
933 5001 1216 5064 dubitare;
1257 5017 1355 5053 nec
1391 5000 1536 5068 justa
1572 5011 1753 5051 tamen
1784 5014 1905 5066 pro-

334 5096 518 5152 pterea
553 5086 665 5138 haec
698 5083 956 5137 Harduini
995 5082 1415 5137 animadversio.
1460 5081 1524 5134 In
1562 5079 1789 5141 Notitia,
1829 5080 1906 5132 ait

337 5168 389 5219 in
435 5165 598 5219 Num.
632 5166 757 5220 Ant.
792 5166 1026 5228 Illustr.,
1082 5165 1341 5217 IIieroclis
1390 5164 1599 5217 Aradus
1645 5173 1690 5213 et
1735 5163 1905 5215 Anta-

336 5250 497 5301 radus
550 5266 641 5301 ceu
699 5250 802 5301 duo
862 5250 1065 5301 diversa
1118 5248 1329 5315 oppida,
1384 5248 1666 5312 episcopali
1722 5249 1905 5297 decore

336 5332 608 5396 insignita,
636 5332 975 5399 appellantur
1005 5333 1058 5382 in
1100 5331 1367 5399 provincia
1423 5329 1707 5381 Phoenicim
1748 5345 1906 5393 para-

336 5416 422 5465 liu'
453 5432 559 5467 sive
595 5416 899 5479 muritima’,
946 5416 1101 5467 credo
1149 5415 1417 5474 mendose,
1467 5429 1584 5463 cum
1633 5412 1904 5480 utriusque

337 5497 517 5563 oppidi
549 5511 711 5548 unum
743 5496 908 5561 fuisse
936 5498 1227 5549 antistitem
1262 5497 1448 5549 merito
1483 5494 1809 5562 suscipemur
1840 5511 1905 5548 ca;

337 5580 559 5648 cpistola
612 5579 962 5633 Orientalium
1007 5582 1073 5634 15
1112 5583 1165 5633 in
1208 5582 1448 5634 aucturio
1494 5579 1802 5631 Theodoreti
1851 5596 1901 5647 ιι.

338 5663 461 5716 5ϋι1.
503 5663 685 5731 Neque
713 5664 857 5717 enim
892 5662 1257 5718 ecclesiastica
1288 5664 1398 5717 hinc
1436 5662 1671 5727 Notitiu;
1710 5667 1902 5715 nedum

342 5748 522 5801 Otttttld
560 5747 776 5817 oppida,
812 5764 928 5816 quae
959 5746 1299 5818 Synecdcmo
1326 5750 1717 5815 comprehensa
1751 5759 1901 5815 sunt,

1190 336 1576 399 COMMENT.
1621 338 1699 398 IN
1742 336 2152 399 lllEIlOCLlS
2190 340 2727 400 SYNECDEMUM.

3451 338 3583 400 ll'ii

2024 464 2150 501 suos
2198 448 2296 499 sibi
2357 448 2637 516 episcopos
2715 446 3042 501 habuerunt.
3089 446 3243 499 Plura
3292 446 3424 500 Itin.
3468 449 3566 502 Aut

2018 546 2068 599 p.
2112 531 2227 583 lis.

2088 613 2219 665 Ibid.
2254 612 2703 665 Ιςωινστιιντίνα.
2742 609 3019 679 Nusquam
3073 624 3192 663 eam
3242 610 3475 677 reperio,
3503 626 3584 662 ve.

2018 709 2247 762 reorque
2294 710 2359 748 ne
2400 695 2527 763 quid
2570 695 2655 747 hic
2709 709 2737 747 a
2788 694 3027 748 librariis
3064 692 3137 749 sit
3170 694 3495 763 neglectum.
3534 696 3586 747 Si

2014 778 2398 847 ’Λντὰραδοςὴ
2435 778 2527 831 καὶ
2576 776 2933 831 Κωνσταντία
2971 776 3262 844 legeretur,
3309 775 3458 829 salva
3507 791 3585 828 res

2016 860 2155 915 foret
2194 862 2596 917 :Constantius
2643 862 2787 914 enim
2836 861 3023 913 urbem
3081 860 3437 913 instauratam
3495 874 3587 911 sur

2018 945 2235 996 nomine
2262 944 2506 996 donavit.
2537 943 2898 1012 Theophanes
2926 942 3222 1011 Clu‘onogr.
3252 957 3303 1010 p.
3336 943 3399 995 51
3438 946 3450 993 :
3485 942 3583 993 Ka'

2021 1028 2174 1080 πόλιν
2198 1028 2413 1079 ἔκτισεν
2442 1029 2501 1079 ὲν
2522 1030 2587 1096 τῇ
2618 1026 2860 1097 Φοινίκῃ,
2894 1020 2959 1097 ἣν
2990 1024 3371 1079 Κωνσταντίαν
3397 1025 3586 1091 κέκληε

2019 1125 2133 1173 κεν,
2174 1110 2272 1180 τὴν
2315 1111 2581 1181 πρότερον
2631 1109 2974 1179 καλουμένην
3023 1108 3370 1178 Ἀντὰραδον.
3417 1107 3584 1174 Διιιιι(

2020 1192 2144 1244 hinc
2185 1195 2396 1247 Atticus
2426 1194 2717 1262 episcOpus
2746 1193 2959 1247 Aradiae
2995 1192 3335 1247 Constantia:
3373 1194 3585 1259 provttr

2019 1274 2236 1327 t'ialittttt
2265 1277 2331 1329 ad
2381 1277 2614 1332 Leonem
2648 1276 3032 1344 imperatorem
3073 1275 3319 1344 epistolae
3348 1286 3482 1326 tom.
3522 1271 3585 1324 l.\'

2020 1356 2224 1413 Com-il.
2264 1375 2314 1426 p.
2345 1360 2451 1412 3i?
2485 1360 2776 1414 subscribit
2802 1366 2859 1412 ut
2885 1359 2996 1428 jam
3030 1369 3156 1411 ante
3194 1359 3450 1410 diviuuts.

2092 1440 2221 1493 Ibid.
2268 1439 2567 1509 ιιογωνᾶς.
2614 1443 2793 1495 Codex
2828 1441 3110 1495 Leidensis
3156 1440 3452 1507 Πωγωνάς,
3487 1456 3589 1506 quo

2019 1540 2119 1589 ego
2151 1525 2367 1576 nomine
2399 1524 2659 1592 oppidum
2694 1525 2745 1576 in
2781 1524 2881 1578 hac
2910 1539 3005 1577 ora
3040 1524 3247 1593 ignoro.
3279 1522 3333 1576 Si
3388 1531 3589 1575 t'cctutn

2020 1616 2124 1669 est,
2160 1607 2332 1672 potuit
2375 1621 2437 1659 ex
2469 1607 2633 1659 simili
2680 1621 2844 1666 causa
2915 1606 3068 1660 locus
3098 1606 3203 1658 dici
3255 1621 3361 1672 quo
3394 1614 3583 1672 portus

2020 1685 2337 1742 Trmzcnius
2368 1688 2594 1756 Πώγων,
2634 1689 2702 1743 de
2736 1702 2844 1761 quo
2873 1687 3088 1743 Suidas.
3123 1686 3381 1741 Fortasse
3414 1696 3589 1741 tamen

2020 1770 2200 1825 Saltus
2218 1770 2536 1835 Gouaticus,
2558 1788 2717 1841 quem
2741 1771 2864 1826 alia:
2896 1769 3111 1826 Notitite
3146 1772 3195 1824 in
3228 1771 3330 1824 hac
3365 1771 3590 1838 provin-

2017 1856 2099 1909 cia
2150 1865 2474 1924 agnoscunt,
2515 1865 2570 1910 et
2631 1855 2785 1923 cujus
2843 1856 3244 1925 possessionum
3283 1854 3413 1922 imp.
3443 1851 3589 1907 Zeno

2017 1940 2054 1991 Ι.
2090 1954 2125 1991 ιι
2160 1954 2211 1992 c.
2259 1940 2324 1991 de
2365 1938 2543 1993 I’rwd.
2583 1938 2821 1993 Tamiac.
2871 1938 3143 2000 meminit,
3193 1938 3293 1992 sub
3342 1937 3589 1992 vorabuli

2018 2022 2299 2075 involnero
2333 2021 2482 2075 latet.
2527 2023 2663 2077 Vide
2706 2020 2823 2077 Jac.
2866 2020 3182 2075 Rbenl‘erdii
3212 2020 3345 2074 diss.
3378 2022 3446 2073 de
3477 2021 3584 2073 An-

2015 2104 2139 2173 gulo
2188 2104 2348 2158 Arab.
2397 2122 2449 2174 p.
2485 2104 2610 2169 821,
2640 2119 2737 2159 nec
2773 2106 2935 2159 crede
2968 2113 3147 2158 tamen
3177 2102 3372 2158 saltum
3409 2102 3588 2155 ϐουθ-

2017 2189 2179 2242 ticum
2238 2204 2358 2243 esse
2410 2190 2673 2257 angulum
2728 2188 2881 2243 illum
2952 2202 3145 2241 cavum
3200 2202 3263 2240 cx
3318 2200 3588 2240 concursu

2016 2270 2206 2324 Libani
2240 2281 2292 2326 et
2340 2270 2640 2325 Antilibani
2678 2280 2882 2333 ortum,
2937 2268 3006 2325 de
3054 2285 3159 2338 qua
3212 2268 3411 2323 Strabo
3444 2278 3588 2335 agat,

2015 2352 2090 2405 uti
2118 2353 2193 2406 ait
2221 2372 2235 2407 :
2271 2354 2403 2407 nihil
2434 2355 2577 2408 enim
2614 2352 2771 2420 hujus
2803 2352 2857 2406 in
2891 2350 3161 2406 Straboite
3194 2349 3454 2419 reperies.
3488 2347 3589 2400 Ila-

2016 2435 2101 2488 bet
2146 2450 2277 2490 sme
2324 2436 2641 2490 Bonlrerins
2707 2437 2772 2488 ad
2820 2434 3191 2489 Antilibanum
3252 2430 3589 2498 Hieronymi,

2014 2528 2175 2585 atque
2206 2535 2269 2574 ex
2300 2536 2364 2573 eo
2397 2519 2783 2583 Rhcnl'erdius,
2819 2518 2933 2574 ιιωο
2982 2517 3271 2571 Strabonis
3300 2531 3330 2569 e
3360 2514 3395 2568 1.
3432 2530 3519 2567 xvr
3575 2531 3587 2565 :

2013 2599 2132 2653 Duo
2172 2611 2293 2654 sunt
2340 2611 2561 2664 montes,
2604 2602 2694 2671 qui
2730 2618 2847 2654 eum
2880 2600 3116 2668 faciunt,
3160 2614 3276 2668 quin
3319 2596 3589 2652 Concut'tts

2010 2684 2251 2752 Angulus
2271 2686 2486 2745 dicitur,
2508 2686 2659 2753 quasi
2676 2687 2810 2737 inter
2831 2700 2885 2736 se
2906 2700 3084 2752 pares,
3116 2681 3349 2734 Libanus
3373 2690 3420 2732 et
3440 2678 3588 2731 Anti-

2011 2767 2245 2830 libanus,
2291 2767 2451 2835 paulo
2506 2767 2645 2819 ultra
2674 2783 2821 2820 mare
2848 2767 3177 2834 incipientes.
3226 2766 3293 2817 At
3341 2764 3446 2817 sil.
3504 2777 3591 2814 xvi

2012 2864 2065 2916 p.
2092 2849 2194 2901 754
2235 2850 2555 2916 inspexeris,
2587 2864 2775 2903 cavam
2810 2849 3029 2917 quidem
3054 2847 3291 2917 Syriam,
3320 2859 3591 2913 nusquam

2011 2945 2133 2983 eum
2163 2932 2420 2997 angulum
2456 2930 2724 2985 invenies.

2083 3013 2217 3066 Ibid.
2262 3013 2538 3079 Πανειάς.
2566 3012 2770 3068 Vitiose
2813 3014 3054 3075 Σπανιὰς
3086 3015 3138 3067 in
3172 3013 3289 3067 Vita
3314 3015 3372 3069 S.
3411 3017 3586 3075 Saba.

2012 3111 2172 3164 quam
2223 3112 2251 3147 a
2295 3096 2502 3165 Cyrillo
2549 3097 2917 3163 conscriptam
2969 3096 3274 3150 Cotelerius
3326 3109 3455 3152 tom.
3524 3098 3586 3151 ΙΙΙ

2011 3179 2153 3233 illan.
2206 3177 2303 3231 Gr.
2363 3179 2611 3242 inseruit,
2653 3195 2707 3249 p.
2769 3180 2897 3233 252.
2933 3178 3099 3232 Multo
3148 3178 3305 3246 pejus
3341 3180 3393 3233 in
3440 3181 3589 3235 Actis

2012 3260 2284 3331 Procopii,
2320 3277 2413 3316 seu
2455 3263 2631 3316 fabula
2670 3262 2870 3331 potius,
2906 3276 3029 3316 cum
3071 3261 3317 3316 Cmsarea
3353 3261 3566 3317 Palaesti

2013 3362 2095 3399 na:
2127 3346 2407 3414 metropoli
2434 3346 2548 3398 sive
2573 3344 2844 3399 Stratonis
2873 3354 3024 3399 turre
3047 3342 3400 3397 confunditur
3436 3360 3483 3398 c.
3511 3347 3544 3400 3
3569 3367 3580 3401 :

2012 3428 2353 3497 Καισάρειαν
2396 3428 2451 3479 δὲ
2505 3428 2709 3497 ταύτην
2733 3428 2913 3497 φαμὲν
2948 3427 3013 3496 ἣν
3050 3429 3144 3479 καὶ
3171 3425 3439 3480 Φιλίππου
3475 3446 3587 3483 κακ-

2011 3510 2122 3562 λεῖν
2144 3510 2435 3579 εἰώθαμεν.
2464 3508 2611 3578 Αὕτη
2634 3510 2688 3561 δὲ
2720 3511 2813 3562 καὶ
2837 3509 3152 3578 Στράτωνος
3178 3507 3277 3577 μὲν
3304 3510 3511 3580 πύργος
3528 3512 3589 3562 τὸ
3610 3564 3617 3567 _

2013 3595 2277 3662 πρότερον
2302 3594 2548 3645 ἐκαλεῖτο
2577 3609 2589 3622 ·
2627 3592 2882 3661 Φοινίκης
2911 3591 2968 3644 δὲ
3002 3591 3254 3645 Πανεάδα
3286 3593 3584 3662 κατονομά-

2011 3677 2218 3738 ζουσιν,
2272 3676 2381 3727 ἀπὸ
2434 3676 2525 3727 τοῦ
2555 3676 2797 3743 γείτονος
2842 3676 2979 3743 αὐτῇ
3029 3675 3191 3744 ὅρους
3252 3678 3457 3729 Πανέου
3493 3678 3589 3747 τὴν

2016 3758 2330 3825 ἐπωνυμίαν
2373 3758 2610 3826 Θέμενοι.
2644 3758 2813 3823 Quem
2857 3758 3106 3811 eumdem
3156 3772 3397 3812 errorem
3447 3760 3584 3810 seri-

2013 3851 2135 3909 ptor
2172 3839 2305 3893 Vita:
2345 3840 2633 3908 Epiphanii
2674 3840 2899 3904 erravit,
2936 3838 3062 3891 dum
3108 3855 3157 3892 c.
3208 3839 3277 3891 41
3312 3854 3374 3892 ex
3411 3840 3593 3909 Cypro

2013 3938 2074 3977 se
2101 3922 2223 3975 navi
2260 3921 2560 3975 Caesaream
2591 3919 2823 3988 Philippi
2852 3920 3130 3988 trajecisse
3159 3932 3345 3974 narrat
3372 3938 3385 3974 :
3423 3921 3586 3973 Ἀπά-

2016 4022 2209 4076 ραντες
2237 4004 2293 4055 δὲ
2328 4004 2436 4056 ἀπὸ
2468 4003 2695 4073 Κύπρου
2725 4002 3149 4074 ἀπεπλεύσαμεν
3194 4005 3250 4056 ὲν
3283 4004 3587 4074 Καισαρείᾳ

2013 4091 2077 4157 τῇ
2105 4086 2394 4139 Φιλίππου.
2419 4085 2600 4167 ῌεψιο
2627 4088 2769 4139 enim
2800 4084 3107 4141 Paneadem
3131 4086 3245 4139 sive
3280 4087 3583 4141 Caesaream

2013 4169 2247 4238 Philippi
2281 4169 2559 4238 appellere
2591 4170 2781 4238 potuit.

2084 4251 2217 4307 Ibid.
2260 4252 2543 4319 Φοινίκης
2570 4252 2967 4318 Attius-ualde.
3007 4252 3122 4307 Fuit
3153 4254 3426 4321 provincia
3471 4254 3584 4306 lucc

2012 4338 2303 4405 conjuncta
2338 4338 2632 4405 superiori,
2665 4337 2841 4390 donec
2877 4350 2909 4389 a
2944 4335 3250 4391 Theodosio
3287 4336 3354 4389 Μ.
3390 4338 3583 4393 distra-

2014 4424 2234 4476 heretur
2276 4430 2330 4473 et
2376 4435 2535 4473 suum
2593 4420 2697 4472 sibi
2746 4420 3029 4488 prtesidem
3086 4420 3379 4488 acciperet.
3443 4420 3584 4472 Vidit

2015 4506 2116 4558 hoc
2167 4502 2231 4557 Il.
2270 4502 2520 4558 Norisius
2567 4518 2630 4555 ex
2677 4502 3030 4557 conciliorum
3070 4503 3214 4556 Actis
3261 4504 3475 4556 dissert.
3532 4518 3583 4556 tv

2012 4588 2075 4640 de
2116 4584 2343 4654 Epoclu's
2394 4602 2448 4651 p.
2483 4586 2609 4651 356,
2644 4587 2857 4639 tametsi
2914 4600 3009 4653 per
3059 4601 3301 4640 errorem
3355 4585 3587 4639 Arcadio

2011 4668 2276 4737 originem
2319 4669 2480 4735 hujus
2524 4668 2814 4736 provincia:
2859 4668 3111 4723 tribuerit
3163 4687 3176 4723 :
3220 4666 3585 4722 Theodosium

2012 4753 2157 4805 enim
2190 4763 2466 4804 auctorem
2505 4766 2624 4803 esse
2670 4749 2753 4802 Ju.
2792 4749 2985 4803 Malala
3019 4761 3150 4804 tom.
3183 4750 3223 4803 ll
3267 4768 3318 4819 p.
3357 4751 3424 4805 59
3457 4764 3576 4817 per-

2010 4836 2197 4904 spicue
2229 4838 2405 4888 docet.
2453 4834 2511 4884 Ὀ
2545 4833 2601 4885 δὲ
2631 4833 2814 4897 αὐτὸς,
2850 4834 3047 4901 inquit.
3088 4835 3341 4902 βασιλεὺς
3365 4834 3582 4900 ἀπεμέο

2013 4936 2129 4987 ρισε
2162 4918 2253 4970 καὶ
2280 4916 2374 4985 τὴν
2395 4915 2648 4981 Φοινίκην
2685 4915 3004 4969 Λιϐανισίαν
3034 4917 3141 4968 ἀπὸ
3175 4918 3271 4985 τῆς
3304 4916 3578 4985 Παρήλου,

2014 5003 2104 5054 καὶ
2153 5001 2409 5068 ἐποίησεν
2446 4999 2747 5068 ἐπαρχίαν,
2788 4998 2913 5069 δοὺς
2954 5000 3136 5052 δίκαια
3197 5000 3582 5070 μητροπόλεως

2011 5085 2103 5137 καὶ
2133 5086 2368 5154 ἄρχοντα
2409 5084 2712 5153 ὀρδινάριον
2761 5076 2999 5153 Ἐμέσσῃ
3043 5087 3108 5153 τῇ
3158 5084 3331 5137 πόλει.
3399 5084 3582 5149 Quan-

2010 5183 2169 5235 quam
2203 5182 2324 5236 qua:
2363 5168 2429 5221 de
2464 5168 2684 5221 Emessa
2713 5166 2887 5228 addit,
2923 5181 2951 5218 a
2981 5181 3110 5219 vero
3134 5165 3333 5220 abeunt
3365 5185 3376 5219 :
3407 5181 3581 5233 neque

2009 5268 2070 5304 ea
2115 5251 2258 5306 enim
2293 5249 2614 5318 metropolis
2646 5249 2957 5316 provinciae,
2994 5250 3086 5303 sed
3123 5250 3421 5304 Damascus
3456 5248 3575 5301 fuit.

2009 5334 2117 5389 Nec
2148 5348 2437 5389 succurres
2478 5332 2706 5395 homini,
2766 5331 2809 5385 si
2855 5330 3068 5383 civilem
3108 5332 3426 5400 metropolin
3457 5346 3577 5385 eam

2010 5419 2196 5471 urbem
2246 5416 2443 5470 factam
2492 5414 2715 5479 dixeris,
2763 5412 3016 5481 quoniam
3047 5414 3165 5481 jura
3203 5422 3257 5466 et
3299 5413 3577 5480 dignitatis
3638 5456 3639 5459 η

2009 5500 2183 5554 civilis
2209 5498 2489 5567 privilegia
2512 5497 2882 5552 ecclesiastica
2928 5511 3112 5549 secum
3147 5496 3451 5551 trahebant.
3484 5496 3575 5550 Sic

2010 5598 2130 5635 cum
2146 5582 2350 5653 T.yanis
2368 5581 2665 5651 Valensjus
2687 5577 3161 5646 metropolitanum
3190 5580 3577 5640 contribueret,

2010 5668 2126 5735 «jus
2181 5666 2332 5719 urbis
2370 5666 2599 5718 antistes
2644 5662 2765 5730 jura
2814 5661 3185 5717 ecclesiastica
3241 5664 3421 5713 statim
3474 5664 3576 5715 sibi

2014 5748 2288 5818 arrogavit
2314 5766 2329 5815 ;
2375 5764 2493 5817 qua:
2512 5749 2699 5804 eadem
2729 5762 2813 5802 res
2837 5745 3177 5801 Eustatltintn
3205 5745 3575 5815 Beryti-nscio,
