3980 6210
407 245 536 311 1177

410 369 798 431 transportavit
827 368 876 426 .I.
914 369 1106 425 Maiala
1138 376 1276 443 apud
1314 374 1363 430 .I.
1398 375 1784 432 Damascenum
1823 385 1962 431 orat.

398 445 506 522 3m.
538 449 662 511 568,
689 451 776 506 ubi
807 451 874 508 de
902 452 1110 509 Joanne
1137 455 1380 524 Baptista
1404 472 1419 510 ε
1446 460 1554 511 Καὶ
1583 461 1856 529 ἀπέτεμεν
1881 460 1971 511 αὺ-

397 532 490 584 τὸν
535 533 780 605 Ἡρώδης
813 537 841 588 6
884 539 1188 611 τοπάρχης,
1210 543 1289 604 είς
1311 541 1372 594 τὸ
1403 541 1678 610 βασίλειον
1705 544 1806 613 τῆς
1827 544 1970 612 Τρα-

400 617 680 684 χωνίτιδος
700 619 904 691 χώρας,
927 623 984 675 ὲν
1014 623 1257 695 Σεϐαστῇ
1286 627 1350 695 τῇ
1377 625 1549 678 πόλει.
1575 625 1737 680 Paulo
1758 628 1965 692 melius,

405 713 502 751 nec
557 709 735 755 tamen
806 705 926 760 sine
982 721 1188 771 errore,
1249 708 1301 760 in
1376 707 1676 762 Chilmcadi
1738 711 1968 762 editione

404 790 533 835 tom.
557 783 578 836 I
611 800 663 852 ρ.
689 786 796 840 505
818 787 1017 858 legitur
1044 793 1071 843 6
1113 790 1356 862 Ἡρώδης
1380 793 1408 843 ό
1432 791 1709 860 βασιλεὺς,
1728 791 1756 843 ὁ
1781 792 1966 844 Φιλίπ-

399 881 524 930 που,
563 869 592 919 6
633 871 925 939 τοπαρχῶν
944 873 1060 942 ἦτοι
1087 873 1502 946 βασιλεύωντῆς
1521 874 1920 947 Τραχωνίτιδος
1953 897 1964 929 :

402 961 577 1017 neque
609 952 752 1005 enim
784 952 1024 1009 Herodes
1049 954 1445 1020 'l‘rachonitidi,
1479 967 1534 1011 ut
1567 959 1705 1012 bene
1755 957 1840 1010 vir
1872 959 1970 1010 do.

400 1041 546 1097 ctus,
572 1035 820 1102 prtefuit;
854 1045 908 1092 et
947 1038 1034 1093 cui
1067 1039 1210 1094 bono
1237 1042 1265 1093 6
1299 1041 1551 1110 βασιλεὺς
1600 1042 1628 1092 ὁ
1681 1036 1971 1110 τοπαρχῶν

402 1113 522 1183 ἦτοι
553 1115 852 1184 βασιλεύων
885 1122 1322 1176 coacervantur?
1375 1122 1514 1177 forte
1543 1138 1606 1178 ex
1639 1121 1971 1176 Damasceno

399 1197 471 1248 ita
512 1201 826 1269 relingenda
852 1203 1034 1257 omnia
1058 1221 1072 1257 :
1108 1205 1354 1275 Ἡρώδης
1381 1207 1408 1257 ὁ
1436 1208 1714 1277 τοπάρχης
1737 1207 1852 1278 ἦτοι
1877 1205 1972 1276 βα-

399 1279 628 1334 σιλεύων
660 1283 760 1352 τῆς
784 1285 1200 1354 Τραχωνίτιδος,
1235 1306 1290 1341 κ.
1313 1288 1389 1355 λ.;
1423 1304 1530 1358 quo
1561 1289 1778 1358 quidem
1813 1291 1972 1343 modo

399 1363 607 1417 erroris
650 1379 757 1419 non
812 1366 1116 1423 absolvitur
1185 1367 1423 1425 Joannes
1453 1411 1467 1435 ,
1511 1372 1740 1440 eripitur
1793 1382 1969 1426 tamen

401 1446 658 1512 graviori.

473 1527 590 1582 Col.
624 1529 744 1586 155.
775 1532 1085 1599 Ἀνθηδών.
1115 1535 1257 1589 Gaza
1280 1536 1469 1591 stadiis
1485 1535 1557 1589 ΞΟ
1577 1537 1785 1602 aberat,
1804 1538 1971 1591 δοιο-

400 1625 563 1665 meno
592 1611 665 1666 Η.
700 1613 766 1668 Ε.
816 1629 868 1675 v.
914 1617 946 1670 9
985 1627 1227 1680 auctore,
1267 1620 1399 1672 mari
1450 1620 1716 1685 proxima.
1757 1619 1972 1674 Diocle-

401 1695 760 1764 tianopolcos,
796 1698 842 1752 si
875 1697 1111 1753 Notitias
1152 1711 1203 1754 et
1242 1701 1604 1756 Conciliorum
1641 1703 1772 1756 Acta
1812 1717 1970 1757 exce-

400 1779 568 1846 peris,
604 1795 722 1834 rara
773 1784 996 1838 mentio.
1032 1784 1162 1839 Vide
1207 1783 1272 1840 II.
1321 1785 1622 1841 Relandum
1655 1785 1875 1840 Palmst.
1910 1801 1968 1840 ιιι

401 1875 456 1928 p.
484 1860 608 1915 756.
1897 1918 1917 1939 κ

471 1943 606 1999 Ibid.
650 1945 1030 2016 Συκαμάζων.
1090 1950 1424 2019 Εύκομάξων
1498 1951 1549 2003 in
1621 1952 1797 2006 Notil.
1849 1953 1966 2008 Jac.

399 2026 585 2092 Goari,
620 2029 939 2084 Estomason
977 2031 1028 2085 in
1070 2030 1280 2084 Notitia
1309 2049 1426 2102 qua:
1461 2032 1627 2087 Wilh.
1661 2035 1825 2105 Tyrio
1875 2037 1969 2088 ad-

395 2108 583 2175 juncta
615 2119 719 2171 est.
748 2112 1083 2166 Ascozamon
1107 2113 1368 2170 Gervasio
1397 2115 1719 2172 Tilberiensi
1744 2127 1873 2170 tom.
1918 2117 1963 2170 ll

403 2189 606 2261 Script.
641 2191 1020 2250 Brunsvicens.
1056 2211 1109 2265 p.
1161 2197 1282 2251 760.
1328 2195 1579 2251 Nostrum
1615 2209 1820 2254 rectum
1864 2209 1968 2267 est,

399 2275 502 2329 etsi
553 2278 692 2330 situs
735 2277 854 2345 ejus
897 2277 1134 2346 ignotus.

471 2358 607 2414 Ibid.
661 2360 892 2424 Ὀνοῦς.
919 2361 1169 2416 Creditur
1199 2378 1319 2418 esse
1357 2369 1494 2428 Uno,
1517 2368 1581 2419 de
1622 2381 1728 2434 qua
1758 2366 1779 2418 1
1809 2365 1972 2420 Chro-

402 2443 510 2495 uie.
545 2440 689 2494 81ι2.
726 2440 1054 2510 Sequentem
1087 2446 1245 2500 habet
1275 2445 1604 2517 Stephanus,
1637 2464 1966 2519 quamquam

401 2523 536 2578 nihil
572 2526 637 2577 de
665 2525 783 2578 loco
814 2539 975 2594 quem
1007 2531 1369 2597 occupaverit.

471 2608 605 2662 Ibid.
647 2607 825 2666 Γάζα.
857 2609 1129 2677 Duplicem
1159 2612 1284 2664 olim
1312 2613 1476 2668 fuisse
1494 2612 1715 2681 Gazam,
1740 2629 1967 2684 quarum

400 2691 666 2743 vetustior
681 2690 1046 2758 apostolorum
1068 2702 1225 2746 aetate
1257 2695 1418 2749 fuerit
1446 2713 1632 2751 eversa
1657 2709 1709 2752 et
1731 2698 1966 2761 deserta,

403 2773 469 2827 ad
503 2772 698 2826 Anton.
731 2771 860 2830 Itin.
900 2789 950 2843 ρ.
987 2773 1075 2828 151
1115 2774 1527 2844 disputavimus.
1562 2779 1766 2834 Mecum
1807 2782 1972 2835 sentit

401 2856 763 2926 Hieronymus
792 2857 860 2910 de
912 2855 1039 2911 Loe.
1074 2857 1227 2912 Sacr.
1278 2859 1574 2923 Qumritur,
1599 2862 1800 2928 inquit,
1838 2879 1971 2932 quo-

399 2940 558 2994 modo
601 2941 654 2993 in
686 2941 914 3009 quodam
948 2941 1199 3008 prOpheta
1235 2941 1448 2994 dicatur
1489 2942 1638 2997 Gaza
1687 2945 1870 3013 futura
1915 2947 1970 3000 iu

402 3025 662 3078 tumulum
700 3024 1090 3092 sempiternum.
1145 3023 1297 3089 Quod
1327 3025 1550 3079 solvitur
1579 3028 1651 3078 ita
1684 3045 1702 3084 :
1737 3031 1972 3096 antiqua:

401 3108 627 3162 civitatis
652 3105 823 3160 locum
847 3109 935 3161 vix
964 3108 1425 3174 fundamentorum
1457 3109 1683 3176 prtebere
1716 3113 1972 3182 vestigia;

400 3192 537 3245 hanc
570 3199 743 3244 autem
773 3205 890 3259 qua:
913 3207 1049 3243 nunc
1081 3192 1337 3255 cernitur,
1368 3192 1419 3243 in
1453 3191 1557 3244 alio
1588 3192 1720 3258 loco,
1749 3211 1845 3261 pro
1877 3195 1970 3249 illa

399 3291 517 3344 (μιν
550 3275 769 3336 corruit,
824 3273 1160 3340 wdiﬁcatam.
1193 3273 1291 3328 Cui
1339 3273 1556 3329 ocniato
1587 3277 1731 3342 testi,
1769 3287 1823 3331 et.
1872 3278 1970 3332 hac

402 3356 454 3409 in
508 3366 660 3424 parte
710 3355 830 3408 aliis
883 3355 1269 3421 consentienti,
1324 3372 1422 3410 cur
1474 3358 1629 3410 tidem
1675 3359 1973 3428 negemus?

402 3438 532 3491 Erat
573 3437 715 3492 Urbs
743 3437 1001 3492 Gordiani
1046 3437 1388 3506 imperatoris
1437 3449 1595 3493 mtate
1651 3455 1828 3504 sacra,
1885 3441 1967 3494 sui

395 3516 536 3585 juris
564 3529 614 3571 et
657 3519 944 3571 adn-odum
991 3519 1294 3587 splendida,
1329 3529 1386 3573 nt
1432 3525 1651 3588 egregio
1701 3522 1804 3575 hoc
1852 3523 1970 3590 cpi-

404 3609 704 3665 grammate
751 3602 892 3653 inter
925 3599 1163 3654 Doniana
1197 3601 1375 3656 Class.
1414 3603 1503 3656 Ill.
1553 3603 1624 3656 45
1667 3605 1964 3656 docemur:

413 3681 618 3750 Ἀγαθῇ
665 3679 802 3753 τύχῃ
844 3682 1221 3753 αὐτοκράτορα
1278 3685 1532 3752 Καίσαρα
1577 3686 1652 3738 Μ.
1686 3684 1971 3737 ’Λντώνιον

401 3763 724 3834 Γορδιανδν,
785 3765 1008 3833 εὐσεϐῆ,
1052 3765 1288 3835 εὐτυχῆ,
1343 3765 1628 3829 σεδαστὸν,
1659 3769 1971 3838 κοσμοκρά-

403 3862 559 3915 τορα,
600 3848 633 3916 ἡ
680 3845 834 3909 πόλις
864 3848 896 3916 ή
931 3846 1040 3900 τῶν
1079 3845 1351 3910 Γαζαιῶν,
1379 3847 1499 3916 ἱερά
1530 3848 1626 3900 καὶ
1652 3847 1846 3911 ἄσυλος
1876 3851 1972 3902 καὶ

403 3929 721 3997 αὐτόνομος,
761 3927 949 3998 πιστὴ,
986 3928 1233 3998 εύσεὸὴς,
1260 3929 1490 4000 λαμπρὰ
1518 3931 1614 3982 καὶ
1646 3930 1877 4000 μεγάλη,
1912 3930 1972 3995 ἐξ

400 4012 706 4076 ἐνκλύσεως
732 4012 826 4065 τοῦ
855 4014 1084 4082 πατρίου
1103 4013 1258 4074 Θεοῦ,
1289 4015 1378 4066 τὸν
1403 4013 1610 4082 ἑαυτῆς
1647 4014 1968 4084 εὐεργέτην,

397 4095 487 4148 διὰ
526 4096 646 4148 Τι6.
697 4095 799 4149 Κλ.
852 4096 1129 4167 Παπείρου
1181 4096 1516 4167 ἐπιμελητοῦ
1557 4097 1652 4150 τοῦ
1707 4098 1872 4170 ἱεροῦ.
1916 4098 1971 4152 ΙιΙ

401 4176 624 4239 mirere,
665 4179 840 4230 virum
892 4176 1188 4242 eruditum,
1237 4180 1326 4248 qui
1379 4180 1788 4247 inscriptionem
1821 4180 1970 4234 Lati-

402 4273 525 4310 nam
563 4257 708 4324 l'eeit,
741 4259 793 4312 in
826 4273 888 4313 ea
939 4259 1100 4312 deum
1142 4259 1467 4330 Euclyseum
1500 4261 1772 4316 invenisse.
1813 4280 1825 4314 :
1861 4279 1973 4314 ver-

403 4341 466 4392 tit
497 4341 639 4393 enim
679 4342 851 4395 media
884 4357 947 4395 ea:
980 4341 1236 4412 Euclysro
1277 4345 1455 4412 patrio
1503 4347 1633 4398 deo:
1664 4346 1755 4415 qui
1795 4346 1970 4399 nullus

401 4423 500 4475 fuit
532 4433 584 4475 et
609 4439 674 4476 ex
701 4436 954 4494 corrupta
983 4425 1442 4480 ΕΝΚΕΛΥΣΕΩΣ
1483 4442 1614 4482 voce
1642 4428 1849 4482 natales
1882 4446 1971 4483 ae-

399 4504 561 4572 cepit.
594 4504 717 4558 Fuit
745 4509 796 4560 in
832 4523 1102 4563 marmore
1127 4510 1648 4575 ΕΝΚΕΛΕΥΣΕΩΣ,
1675 4522 1822 4566 certe
1851 4527 1971 4567 esse

401 4587 617 4653 debuit;
649 4589 790 4657 quod
819 4605 882 4641 ea:
901 4591 1077 4656 jussu,
1111 4599 1168 4642 ιιι
1194 4607 1335 4658 saepe
1369 4593 1419 4644 in
1457 4593 1540 4645 his
1577 4596 1967 4656 monumentis,

400 4669 740 4726 notat.xa1:dt
783 4669 1034 4723 κέλευσιν
1071 4671 1206 4724 Θεοῦ
1265 4675 1316 4725 in
1369 4674 1530 4726 simili
1588 4689 1645 4726 re
1697 4674 1864 4727 habes
1918 4677 1968 4728 in

399 4753 549 4807 Thes.
620 4770 672 4821 ιι.
723 4753 818 4817 21,
870 4754 920 4806 1.
964 4755 1105 4810 Deus
1155 4765 1334 4808 autem
1379 4758 1585 4824 patrius
1641 4756 1968 4811 Gazensium

399 4847 483 4890 est
516 4836 751 4898 Marnas,
785 4836 938 4904 cujus
960 4836 1112 4904 jussu
1147 4837 1282 4904 lapis
1309 4849 1390 4892 est
1425 4838 1722 4893 dedicatus.
1749 4837 1879 4892 the
1904 4839 1971 4892 de

398 4934 462 4973 c0
492 4918 555 4971 II.
593 4918 862 4974 Nurisium
895 4920 1113 4972 dissert.
1149 4919 1346 4989 Epnclt.
1382 4936 1430 4983 ν,
1458 4920 1581 4974 494.

470 5001 603 5055 Ibid.
664 5001 872 5069 Ἅριζιι.
925 5000 1033 5055 Nisi
1083 5018 1227 5067 erro,
1276 5003 1529 5072 Γάρδιρα
1565 5006 1678 5057 sive
1727 5003 1968 5072 Γάζαρα,

400 5102 560 5153 quam
593 5086 780 5139 urbem
809 5101 902 5141 seu
949 5087 1128 5141 vicum
1178 5086 1398 5140 Notitia:
1436 5090 1485 5140 in
1522 5087 1806 5141 Palaestina
1857 5091 1967 5155 pri-

402 5184 486 5221 ma
520 5184 624 5221 non
662 5169 818 5236 longe
853 5171 918 5222 ab
954 5173 1128 5222 Azoto
1173 5181 1496 5237 agnoscunt,
1531 5171 1864 5239 prmstiterit.
1899 5172 1971 5225 De

397 5266 460 5302 ea
497 5250 770 5305 ltelandus
807 5251 1022 5304 Palwst.
1052 5267 1111 5306 ιιι
1143 5268 1196 5320 p.
1229 5253 1354 5307 679.
1387 5251 1520 5318 Qua:
1548 5251 1795 5321 sequitur
1817 5253 1970 5304 Βιτύ-

400 5329 486 5397 λη.
521 5329 778 5384 Bethelne
812 5347 878 5384 an
910 5332 1116 5386 Betulia
1145 5336 1235 5397 sit,
1272 5335 1322 5388 in
1360 5335 1522 5388 dubio
1553 5343 1656 5388 cst.
1685 5333 1821 5388 Aliis
1855 5333 1970 5387 Νο-

401 5413 533 5466 titiis
565 5415 760 5468 dieltur
791 5415 1050 5480 Βιτέλιος.

475 5495 607 5549 Ibid.
648 5499 1058 5566 Παλαιστίνης
1096 5500 1177 5564 βπ
1217 5500 1384 5567 llujus
1417 5511 1470 5556 et
1508 5502 1803 5569 superioris
1843 5518 1967 5570 pro-

402 5579 593 5634 vinciae
611 5579 818 5636 incolas
851 5585 1123 5651 totiusque
1146 5585 1304 5638 Cava!
1327 5586 1496 5655 SYII'J.’
1521 5587 1754 5641 audaces
1782 5587 1969 5641 atheos

401 5672 568 5733 atque
615 5664 1024 5722 insidiosissimo
1055 5683 1180 5721 esse
1212 5669 1421 5736 ingenio
1451 5670 1696 5738 perhibet
1744 5668 1966 5725 Proclth

1247 259 1632 320 COMMENT.
1673 258 1754 320 IN
1795 257 2206 320 HIEROCLIS
2242 261 2781 327 SYNECDEMUM.

3505 261 3644 326 1178

2086 375 2390 432 Diadochus
2427 381 2478 432 in
2523 379 2846 448 Parop/trrtsi
2890 381 3175 436 Ten-obiin
3200 379 3430 434 Ptolem.
3463 394 3515 446 ῃ.
3541 381 3648 434 95τ

2089 457 2177 522 Ὠς
2208 461 2301 513 ἐπὶ
2341 461 2473 515 πολὺ
2509 463 2730 534 θρασεῖς
2763 467 2868 517 εἰσὶ
2898 466 2990 518 καὶ
3021 465 3170 517 ἄθεοι
3201 464 3296 516 καὶ
3332 463 3642 515 ἐπιϐουλευ-

2077 545 2240 597 τικοὶ.
2277 545 2420 598 Idem
2461 549 2774 617 Anonymus
2805 549 3150 611 scholiastes,
3185 547 3410 600 Basilece
3441 547 3647 608 editus,

2079 627 2129 679 in
2163 631 2406 682 eamdem
2441 629 2730 684 Tetrabibl.
2759 652 2808 699 ιν.
2834 635 2923 697 69.,
2959 632 3053 686 sed
3094 632 3271 685 verbis
3294 631 3428 682 mire
3461 630 3655 681 turba-

2079 709 2168 773 tis,
2202 711 2506 777 prolitetur.
2547 713 2606 765 Ὀ
2630 714 2759 784 γὰρ,
2795 714 2990 783 inquit,
3030 715 3129 782 τῆς
3183 711 3509 782 Ἀφροδίτης
3573 710 3652 778 τῷ

2081 793 2238 863 Ἀρει
2272 794 2614 862 συμπλακεὶς
2660 796 2938 860 τοιούτους
2972 798 3118 849 ποιεῖ
3153 796 3269 865 (καὶ
3295 794 3492 856 ἀθέους
3519 792 3654 861 ἀμέ-

2077 874 2157 926 λει
2185 875 2495 944 Ἰουδαίους)
2535 879 2661 941 τοὺς
2695 880 2983 943 Ἰουδαίους
3023 880 3086 930 ὲκ
3117 879 3322 948 ταύτης
3352 877 3514 938 ὄντας
3554 875 3654 943 τῆς

2080 957 2280 1021 θέσεως
2333 959 2540 1028 φησίνο
2578 961 2700 1014 ὅθεν
2749 965 2892 1016 κατὰ
2953 963 3054 1031 τὴν
3120 959 3494 1030 προσηγορίαν
3561 974 3654 1028 σηο

2082 1041 2230 1107 μεῖόν
2287 1058 2369 1095 σοι
2443 1043 2676 1111 γινέσθω
2723 1046 2821 1113 τῆς
2849 1046 2991 1098 κατά
3023 1044 3121 1113 τὴν
3144 1043 3328 1113 χώραν
3353 1041 3605 1108 εὐθηνίας
3635 1054 3650 1069 ⁸

2080 1121 2303 1190 γόνιμος
2334 1122 2443 1194 γὰρ
2478 1127 2506 1178 ό
2533 1125 2623 1178 τοῦ
2649 1125 2770 1188 Διὸς
2802 1127 2978 1195 ἀστὴρ
3006 1128 3062 1179 ὲν
3098 1128 3212 1187 τοῖς
3254 1124 3523 1192 φθάσασιν
3548 1120 3656 1173 ἐλέ-

2081 1219 2230 1269 γετο.
2262 1201 2423 1258 Varia
2471 1207 2614 1260 enim
2665 1207 2872 1261 scholia
2911 1209 2963 1260 in
3015 1223 3178 1259 unum
3222 1216 3344 1259 sunt
3391 1203 3654 1265 conﬂata;

2080 1301 2201 1348 Quae
2237 1287 2392 1341 facile
2422 1289 2745 1360 distingues,
2771 1290 2814 1345 si
2848 1290 3160 1343 observaris
3191 1289 3286 1340 καὶ
3307 1288 3500 1348 ἀθέους
3532 1301 3656 1340 esse

2082 1366 2354 1422 Ptolemaei
2390 1370 2574 1434 verba,
2632 1386 2804 1439 eaque
2855 1372 3104 1424 breviore
3145 1370 3356 1422 scholia
3397 1369 3654 1434 explicari

2081 1451 2273 1519 ἀμέλει
2305 1451 2591 1518 Ἰουδαίους
2623 1471 2636 1506 :
2685 1470 2812 1508 mox
2846 1455 3010 1507 alium
3049 1453 3190 1507 idem
3235 1452 3393 1518 paulo
3415 1452 3658 1520 pluribus

2083 1535 2452 1603 interpretari.
2503 1536 2633 1601 Qua:
2685 1552 2812 1590 vero
2850 1538 3122 1589 adduntur
3180 1537 3302 1589 ὅθεν
3351 1535 3490 1588 κατὰ
3557 1534 3657 1598 τὴν

2081 1617 2478 1686 προσηγορίαν,
2508 1635 2560 1670 κ.
2611 1619 2660 1681 λ,
2713 1634 2775 1672 ea
2821 1617 3065 1672 Iudaeam
3107 1634 3210 1671 non
3243 1627 3510 1684 spectant,
3562 1618 3654 1669 sed

2081 1700 2335 1753 Arabiam
2361 1701 2676 1770 εὐδαίμονα,
2701 1717 2856 1769 quem
2878 1702 2997 1770 ejus
3021 1701 3232 1756 titulum
3261 1703 3400 1754 haud
3426 1701 3658 1752 obscure

2083 1783 2394 1853 respiciunt.
2433 1782 2562 1837 Vide
2595 1782 2845 1837 Proclum
2896 1799 2935 1837 ιι
2992 1800 3047 1852 p.
3087 1785 3178 1847 95,
3214 1793 3267 1837 et
3325 1797 3409 1836 me
3463 1782 3655 1834 falsum

2079 1867 2320 1935 negabis.
2355 1865 2485 1920 Nata
2540 1882 2600 1920 ea
2649 1868 2930 1935 persuasio
2967 1867 3194 1936 paganis
3239 1876 3342 1925 est,
3392 1865 3534 1934 quod
3571 1861 3657 1915 .Iu-

2080 1950 2179 2002 dmi
2214 1949 2266 2002 in
2298 1950 2494 2004 summi
2518 1948 2767 2003 Numinis
2800 1951 2945 2002 cultu
2974 1965 3093 2002 cum
3126 1949 3348 2014 reliquis
3398 1947 3654 2000 omnibus

2078 2031 2434 2085 dissiderent.
2471 2031 2609 2084 Ilinc
2642 2041 2695 2085 et
2743 2030 2994 2086 Litt-anus
3029 2047 3089 2097 ιι,
3135 2031 3239 2086 595
3300 2048 3312 2082 :
3364 2030 3426 2082 Et
3475 2029 3654 2082 dedita

2080 2114 2251 2167 sacris
2287 2114 2477 2167 incerti
2517 2113 2700 2168 Iudaea
2755 2115 2870 2170 Dei.
2924 2116 2989 2169 Et
3027 2115 3293 2169 Aristides
3331 2123 3459 2167 tom.
3495 2129 3551 2165 ιιι
3601 2128 3653 2178 p.

2081 2195 2185 2249 5M
2224 2211 2238 2248 :
2276 2195 2403 2257 Τοῖς
2450 2198 2508 2249 ὲν
2560 2197 2894 2270 Παλαιστίνῃ
2945 2197 3230 2249 δυσσεϐἐσι
3283 2193 3656 2264 παραπλήσιοι

2078 2278 2206 2340 τοὺς
2228 2279 2465 2350 τρόπους
2505 2293 2518 2308 °
2543 2279 2640 2332 καὶ
2670 2281 2778 2348 γὰρ
2805 2279 3035 2343 ἐκείνοις
3060 2279 3208 2332 τοῦτ’
3239 2279 3353 2332 ἔστι
3389 2277 3657 2347 σύμὸολον

2078 2362 2178 2429 τῆς
2214 2361 2553 2425 δυσσεόείας,
2598 2364 2679 2416 ὅτι
2710 2365 2838 2426 τοὺς
2886 2363 3202 2433 κρείττονας
3252 2362 3313 2414 ού
3351 2361 3653 2430 νομίζουσι.

2081 2443 2198 2511 Quo
2227 2453 2405 2497 tamen
2435 2447 2554 2500 loco
2577 2447 2619 2499 si
2651 2455 2705 2500 et
2728 2447 3069 2502 Christianos
3100 2447 3275 2500 notari
3306 2461 3428 2501 eum
3461 2443 3656 2498 Jehbio

2080 2527 2235 2591 velis,
2271 2526 2402 2580 nihil
2453 2528 2810 2582 intereedam.
2865 2528 3133 2583 Czeterum
3191 2527 3479 2597 praesidem
3531 2526 3658 2578 huic

2079 2608 2370 2678 provincia:
2402 2612 2562 2662 etiam
2596 2609 2809 2664 Notitia
2856 2613 2983 2679 imp.
3019 2611 3225 2666 Orient.
3256 2625 3308 2665 c.
3343 2611 3366 2664 1
3400 2608 3656 2678 imponit.

2152 2691 2285 2746 Ibid.
2341 2693 2736 2758 Σκυθόπολις.
2791 2694 3093 2747 Provinciae
3148 2693 3249 2746 fuit
3300 2691 3654 2759 metmpolis;

2079 2790 2248 2844 quare
2287 2790 2351 2829 ex
2393 2791 2454 2828 ea
2491 2785 2644 2829 ortus
2673 2776 2908 2844 Cyrillus
2943 2777 3018 2847 (in
3060 2776 3176 2831 Vita
3204 2775 3260 2829 S.
3295 2776 3450 2828 Saba:
3480 2790 3530 2826 ι’.
3564 2773 3657 2840 80)

2079 2859 2216 2927 γυνή
2263 2874 2367 2918 τις,
2419 2857 2615 2926 inquit,
2672 2859 2736 2910 ὲκ
2792 2858 2892 2926 τῆς
2929 2860 3051 2911 καθ’
3087 2860 3231 2928 ἡμᾶς
3274 2857 3659 2928 μητροπόλεως

2079 2939 2398 3008 ὁρμωμένη,
2433 2948 2485 2992 et
2523 2954 2572 2993 c.
2610 2939 2680 2993 75
2709 2957 2721 2992 :
2760 2942 2851 2992 καὶ
2884 2941 3129 3003 ἐλθόντος
3162 2941 3327 2992 αὐτοῦ
3362 2942 3418 2992 ὲν
3453 2939 3658 2992 Σκυθοο

2081 3021 2275 3082 πόλει,
2336 3021 2560 3089 ἐξῆλθεν
2625 3022 2654 3073 6
2721 3021 3124 3091 μητροπολίτης
3179 3021 3458 3084 Θεοδόσιος
3521 3020 3661 3090 μετὰ

2082 3103 2280 3167 παντὸς
2297 3102 2390 3154 τοῦ
2408 3103 2538 3156 λαοῦ
2559 3105 2638 3167 εἰς
2660 3105 2962 3174 ἀπάντησιν
2987 3104 3399 3159 αύτοῦ.Λι·ἰειίι1ἰ
3420 3114 3550 3158 tom.
3571 3103 3660 3170 Ill,

2081 3203 2132 3256 p.
2167 3187 2291 3249 595,
2322 3185 2544 3238 Σκυθῶν
2583 3187 2772 3250 πόλις,
2810 3202 2917 3256 quo
2951 3187 3018 3241 de
3049 3189 3266 3240 nomine
3305 3189 3370 3239 ad
3411 3185 3539 3239 Itin.
3585 3189 3656 3238 Il.

2081 3285 2133 3339 p.
2169 3269 2292 3322 586.

2152 3351 2283 3405 ibid.
2316 3350 2534 3403 Σέλλα.
2565 3350 2678 3404 Ιιιιο
2702 3350 2898 3406 Πέλλα.
2935 3351 3087 3418 Quod
3122 3365 3315 3405 nomen
3342 3365 3370 3403 a
3402 3349 3655 3405 Macedo--

2082 3435 2239 3488 nibus
2266 3433 2495 3501 accepit,
2523 3434 2698 3488 solitis
2721 3434 2910 3502 patria:
2933 3449 3044 3488 sua:
3065 3435 3278 3502 oppidis
3302 3434 3657 3501 cognomines

2080 3519 2323 3571 devictas
2355 3516 2520 3571 urbes
2547 3516 2724 3571 facere
2753 3518 2896 3586 apud
2926 3517 3159 3586 Appian.
3194 3515 3401 3585 Syriae.
3439 3532 3492 3584 p.
3526 3515 3654 3570 20L

2080 3600 2224 3654 Pella
2285 3599 2437 3664 παρὰ
2485 3602 2612 3660 τοὺς
2671 3600 2878 3664 πέλας,
2941 3601 3070 3663 τοὺς
3127 3599 3308 3663 λίθους
3357 3599 3496 3652 κατὰ
3558 3599 3657 3668 τὴν

2082 3682 2403 3735 Μακεδόνων
2444 3683 2646 3751 φωνὴν,
2694 3685 2836 3751 quod
2878 3684 3200 3737 Macedones
3245 3683 3451 3751 lapides
3494 3684 3660 3750 pellas

2083 3775 2369 3827 vorarent,
2407 3773 2493 3818 est
2525 3765 2690 3828 dicta,
2726 3775 2782 3818 ut
2823 3781 2889 3817 ex
2919 3765 3150 3831 Ulpiauo
3183 3766 3234 3816 in
3281 3765 3660 3818 Demosthenis

2081 3856 2221 3900 orat.
2264 3846 2330 3899 de
2359 3845 2541 3911 Legat.
2579 3847 2724 3900 Fals.
2758 3863 2811 3915 p.
2843 3846 2950 3900 254
2974 3847 3336 3915 Spanhemius
3367 3847 3495 3899 diu.
3531 3846 3564 3900 9
3591 3846 3658 3900 de

2085 3928 2193 3983 Usu
2233 3940 2280 3983 et
2316 3929 2381 3984 P.
2429 3928 2500 3982 N.
2549 3944 2601 3997 p.
2650 3929 2754 3983 654
2801 3929 3074 3997 patefecit.
3116 3927 3408 3994 Perperam
3449 3943 3578 3996 ergo
3627 3943 3656 3980 a

2083 4013 2266 4066 nescio
2294 4025 2402 4081 quo
2426 4009 2570 4067 Pella
2601 4010 2907 4079 Stephanus
2940 4026 3133 4065 nomen
3171 4010 3401 4072 derivat,
3436 4012 3657 4064 merito-

2084 4113 2188 4162 que
2231 4095 2316 4149 Ti.
2371 4093 2812 4148 llcmsterhusins
2857 4109 3042 4148 eorum
3085 4094 3325 4147 mutandi
3375 4092 3654 4147 libidinem

2083 4178 2400 4245 compescit,
2428 4179 2516 4244 qui
2551 4176 2952 4248 llesyrhianum
2978 4175 3154 4229 Πέλλα
3183 4175 3348 4238 λίθος.
3382 4177 3657 4244 corrigere

2084 4263 2459 4313 instituerunt.
2505 4257 2700 4313 Sedem
2739 4260 2890 4320 urbs,
2926 4259 3120 4313 nobilis
3162 4275 3312 4312 mora
3346 4258 3657 4328 Hierosoly-

2085 4345 2184 4396 mis
2207 4344 2572 4412 digressurum
2591 4342 3048 4416 Christianorum,
3071 4343 3121 4395 in
3147 4343 3328 4396 Per-ma
3354 4342 3654 4395 obtinebat.

2154 4426 2290 4480 lhid.
2321 4424 2581 4493 Γάδαρα.
2618 4425 2736 4479 Νοιι
2783 4426 2936 4496 longe
2977 4428 3042 4478 ah
3075 4427 3206 4478 urbe
3241 4425 3432 4477 ﬂuvius
3465 4421 3657 4476 lliera-

2083 4525 2205 4562 tnax
2263 4508 2624 4571 decurrebat,
2677 4524 2836 4577 quem
2893 4519 3171 4576 propterea
3223 4507 3316 4558 τὸν
3367 4505 3658 4574 λεγόμενον

2080 4593 2321 4661 ποταμὸν
2361 4592 2611 4661 Γαδάρων
2645 4590 2877 4660 Cyrillus
2909 4590 2961 4644 itt
3013 4589 3132 4644 Vita
3167 4589 3224 4646 S.
3263 4589 3417 4642 Salue
3462 4604 3513 4642 c.
3563 4587 3655 4647 55,

2081 4689 2131 4727 et
2165 4678 2470 4729 Antoninus
2500 4675 2706 4743 Martyr
2739 4675 2788 4728 in
2818 4673 2998 4730 ltiuer.
3029 4675 3248 4727 lluvinm
3277 4672 3533 4731 calidum,
3565 4671 3655 4737 qui

2081 4757 2278 4810 dicitur
2307 4756 2544 4820 Gadara,
2588 4756 2844 4824 appellat.
2888 4757 2958 4810 De
2997 4755 3348 4824 sequentibus
3381 4753 3658 4807 uelandus

2081 4851 2129 4893 et
2165 4855 2262 4892 nos
2296 4840 2443 4893 alibi.

2152 4922 2284 4976 Ibid.
2325 4924 2552 4988 Ἵππος.
2582 4923 2782 4976 Aberat
2821 4923 3010 4975 stadiis
3044 4938 3071 4974 a
3109 4919 3395 4973 Tihcriade
3422 4918 3509 4972 50.
3554 4916 3651 4971 Jo-

2081 5007 2279 5073 SCphtts
2311 5003 2445 5059 Vitae
2475 5019 2584 5058 sum
2605 5020 2656 5057 e.
2691 5005 2760 5059 65
2787 5025 2798 5058 :
2836 5005 2900 5056 Ἢ
2921 5005 2976 5056 δὲ
3009 5004 3074 5073 σὴ
3112 5003 3328 5073 πατρὶς,
3357 4995 3403 5053 ὦ
3431 4999 3652 5064 Ἰοῦστε,

2083 5089 2306 5160 κειμένη
2352 5091 2409 5140 ἐν
2461 5090 2516 5157 τῇ
2570 5087 2974 5157 Γεννησαρίτιδι
3019 5086 3183 5155 λίμνῃ
3227 5086 3319 5137 καὶ⁵
3375 5084 3655 5152 ἀπέχουσα

2084 5170 2276 5224 Ἵππου
2315 5172 2413 5241 μὲν
2432 5171 2620 5223 στάδια
2640 5175 2955 5241 τριάκοντα,
2988 5169 3245 5236 Γαδάρων
3274 5167 3330 5220 δὲ
3359 5167 3651 5237 ἐξήκοντα,

2082 5254 2462 5317 Σκυθοπόλεως
2495 5254 2551 5307 δὲ
2586 5254 2756 5306 εἴκοσι
2782 5254 2875 5305 καὶ
2914 5253 3130 5304 ἑκατόν.

2153 5338 2285 5393 Ibid.
2327 5337 2567 5390 Ἑλένου
2595 5333 2970 5403 πόλιςώιιιειιι
2997 5332 3334 5388 Constantini
3367 5333 3522 5386 matri
3554 5336 3652 5389 hoc

2083 5437 2274 5476 nonteu
2316 5421 2494 5484 debet,
2532 5429 2660 5471 teste
2695 5419 2996 5471 Sozomeno
3041 5415 3110 5468 ΙΙ.
3148 5413 3212 5467 Ε.
3246 5431 3302 5477 ιι,
3334 5416 3387 5468 9..
3421 5416 3474 5468 Si
3515 5418 3649 5485 pris-

2084 5505 2274 5565 tinum,
2309 5518 2414 5567 quo
2441 5511 2566 5552 ante
2594 5504 2862 5562 utebatur,
2893 5501 3070 5552 notius
3102 5509 3261 5561 esset,
3299 5500 3364 5552 de
3395 5501 3521 5565 situ,
3555 5501 3647 5568 qui

2081 5586 2520 5640 obscurissimum.
2557 5585 2782 5638 fortasse
2810 5587 3040 5636 certiora
3071 5583 3428 5636 haberemus.

2154 5670 2284 5723 Ibid.
2326 5668 2634 5721 Διοκὲσσει.
2677 5667 2814 5738 Lege
2852 5669 3250 5736 Διοκαιτάιρπα,
3295 5683 3410 5736 qua:
3445 5667 3496 5719 in
3533 5682 3644 5715 tne—
