3980 6210
393 258 534 329 1179

394 373 486 428 dia
518 371 736 427 Gaiihea
766 369 939 441 posita
972 369 1137 439 (apud
1164 368 1458 441 Josephum
1496 371 1630 427 Vita:
1662 387 1772 427 sua:
1801 387 1852 427 c.
1873 371 1966 442 65)

392 458 520 510 olim
562 456 855 527 Sepphoris
892 464 1030 511 erat.
1076 454 1437 527 Hieronymus
1474 458 1541 513 de
1586 457 1712 512 Loc.
1748 457 1965 513 Sacris:

390 537 562 594 Porro
580 549 632 594 et
660 540 769 593 alia
796 538 920 593 villa
945 538 1122 592 Araba
1151 540 1358 593 nomine
1385 540 1439 592 in
1473 540 1668 607 ﬁnibus
1702 541 1973 595 Diocazsa-

392 638 517 689 rete,
551 638 670 692 qua:
698 622 825 676 olim
856 619 1145 692 Sephorine
1176 623 1471 678 dicebatur.
1504 623 1640 680 Vide
1670 625 1966 679 Palladium

390 704 599 758 Hister.
624 703 872 760 Lausiac.
896 704 1095 775 p.565,
1112 705 1251 762 etde
1270 705 1707 780 Maximianopoli
1731 708 1863 764 Itin.
1891 706 1967 762 ll.

459 869 581 927 Coi.
611 871 736 927 155.
767 870 977 927 Γὰϐαι.
1009 869 1145 926 Iiinc
1176 872 1274 927 l'uit
1296 873 1634 938 Anastasius,
1660 875 1752 943 qui
1778 873 1968 927 Γαὸὦν

393 952 509 1007 sive
538 952 883 1011 Gabenorum
913 957 1144 1012 antistes
1176 955 1227 1009 in
1248 958 1454 1027 synodo
1482 957 1965 1028 iiierosolymitana

386 1036 609 1092 dicitur.
638 1037 842 1095 Aberat
872 1041 1003 1097 urbs
1020 1040 1091 1094 Μ.
1117 1039 1175 1095 Ρ.
1197 1039 1264 1094 16
1283 1059 1312 1094 a
1329 1039 1597 1105 Caesarea,
1620 1049 1677 1093 ut
1703 1043 1966 1097 Eusebius

385 1126 441 1171 et
466 1117 823 1191 Hieronymus
846 1122 898 1176 in
925 1122 1270 1178 Onomastieo
1291 1134 1637 1177 monuerunt.
1662 1121 1797 1178 Vide
1812 1136 1964 1177 eum-

385 1202 506 1256 dem
536 1200 809 1258 Norisium
835 1205 1046 1259 dissert.
1078 1220 1151 1270 tv,
1187 1220 1241 1273 p.
1269 1203 1397 1259 460.

454 1284 590 1341 ibid.
621 1287 1032 1355 Παλαιστίνης
1062 1294 1130 1357 τί.
1159 1286 1298 1342 Olim
1334 1289 1448 1341 hare
1474 1286 1668 1341 Arabia
1700 1298 1836 1350 erat,
1865 1288 1959 1342 sed

384 1367 668 1423 Palaestina
697 1370 749 1424 in
779 1370 961 1439 plures
982 1371 1150 1426 divisa
1183 1372 1508 1440 provincias,
1543 1371 1649 1425 illis
1683 1370 1958 1426 accenseri

384 1461 559 1520 (cepta
607 1461 710 1508 est.
747 1452 1042 1522 Procopius
1076 1454 1140 1508 de
1185 1452 1400 1509 Fabric.
1449 1469 1514 1517 v,
1556 1455 1626 1509 8:
1670 1453 1758 1506 Ἐν
1798 1453 1854 1507 δὲ
1892 1456 1957 1525 τῇ

383 1533 553 1588 πάλαι
599 1534 699 1604 μὲν
739 1536 1009 1608 Ἀραϐίᾳ,
1065 1537 1160 1590 νῦν
1205 1538 1261 1591 δὲ
1318 1539 1384 1607 τῇ
1429 1537 1760 1608 Παλαιστίνῃ
1801 1537 1961 1611 τρίτῃ

282 1664 295 1675 ,
383 1617 711 1690 καλουμένῃ,
735 1617 886 1689 χώρα
922 1620 1023 1690 μὲν
1051 1619 1255 1691 ἔρημος
1285 1621 1377 1673 ἐπὶ
1400 1620 1608 1690 μακρὸν
1629 1620 1955 1676 κατατείνει.

385 1696 599 1753 Notitia
620 1699 758 1771 imp.
792 1702 996 1774 Urieut.
1020 1702 1363 1758 Palaestinam
1389 1702 1719 1770 Salutarem,
1746 1705 1957 1774 praesidi

272 1830 285 1845 .
384 1783 706 1850 subjectam.
738 1772 1010 1855 appéilat.‘

452 1865 592 1922 Ibid.
666 1866 875 1935 Πέτρα.
946 1867 1199 1939 Ἀδριανὴ
1261 1869 1445 1941 Πέτρα
1512 1870 1843 1942 μητρόπολις
1904 1870 1957 1924 in

382 1949 622 2004 nummis
663 1967 677 2003 :
726 1952 940 2022 Πέτρας
969 1951 1104 2022 πρὸς
1130 1954 1407 2023 ἐσχατιαῖς
1449 1952 1558 2007 τῶν
1588 1951 1960 2008 Παλαιστίνων

381 2032 639 2100 κειμένας
664 2033 927 2102 Evagrius
952 2033 1023 2089 Η.
1051 2033 1122 2089 Ε.
1151 2050 1237 2100 ιιι,
1263 2035 1333 2088 ΞΞ
1362 2047 1537 2100 vocat,
1567 2036 1710 2106 quod
1740 2037 1792 2090 in
1826 2035 1958 2088 ulti-

381 2114 485 2169 mis
512 2115 808 2171 Palaestinae
836 2115 1037 2172 ﬁnibus
1057 2127 1262 2172 essent.
1297 2116 1632 2174 Sozomenus
1659 2118 1958 2187 Πετραίους

380 2206 437 2251 et
474 2197 855 2268 Ἀρεοπολίτας
899 2199 973 2256 ll.
1005 2199 1073 2255 E.
1105 2215 1200 2264 vn,
1230 2201 1298 2255 15
1338 2202 1389 2256 itt
1433 2201 1652 2267 Arabia,
1694 2202 1761 2255 ad
1797 2216 1956 2270 quam

378 2280 508 2334 olim
552 2282 966 2351 pertinuerunt,
996 2283 1157 2340 locat.
1202 2284 1412 2340 Passim
1459 2284 1547 2338 alii
1581 2284 1632 2337 in
1669 2283 1956 2339 Palwstiua

382 2363 574 2428 tertia,
616 2373 675 2417 ut
712 2365 1040 2435 Stephanus.
1085 2365 1216 2421 Vide
1245 2365 1519 2422 Renferdii
1548 2368 1759 2423 dissert.
1795 2382 1863 2434 ιι,
1902 2367 1956 2421 ἰιι

381 2439 578 2501 Euseb.
610 2446 800 2503 Onam.
834 2459 887 2504 et
918 2448 1141 2504 Relandi
1172 2448 1393 2505 ιιαιωει.
1428 2465 1510 2513 ιιι,
1541 2464 1592 2521 p.
1618 2450 1745 2506 9‘27.

452 2528 588 2583 Ibid.
606 2531 1161 2600 Δὺγουστούπολις.
1180 2533 1417 2588 Joannes
1436 2532 1956 2602 Αὐγουστουπόλεως

379 2611 699 2683 subscripsit
726 2616 934 2684 synodo
966 2616 1251 2685 Ephesium
1289 2633 1342 2688 p.
1373 2615 1500 2671 526.

450 2692 585 2751 Ibid.
644 2696 987 2765 Ἀρινδηλα.
1056 2699 1362 2768 Stephanus
1422 2698 1712 2770 Ἀρίνδηλα
1769 2700 1957 2771 τρίτης

379 2779 764 2851 Παλαιστίνης,
788 2781 941 2848 cujus
962 2796 1160 2836 nomen
1187 2782 1238 2835 in
1264 2781 1408 2836 Actis
1430 2782 1785 2838 conciliorum
1811 2784 1958 2839 varie
1982 2826 1984 2828 τ

378 2879 502 2918 esse
533 2863 780 2916 vitiatum
807 2864 1087 2919 admonuit
1118 2863 1181 2920 L.
1219 2864 1573 2921 liolsteinius.
1615 2866 1749 2921 Vide
1777 2866 1955 2936 Ephe-

379 2948 486 3003 siu.
513 2963 566 3016 p.
591 2946 696 3001 187
724 2956 778 3002 et
808 2946 933 3001 550.

451 3030 585 3084 Ibid.
617 3030 1029 3100 Χαραγμοῦεα.
1059 3030 1286 3087 illustris
1309 3035 1440 3086 urbs
1469 3031 1521 3085 iu
1556 3031 1700 3086 Actis
1748 3032 1806 3088 S.
1837 3033 1958 3089 Ste-

380 3111 541 3190 phani
572 3109 803 3167 Sebaittn
836 3129 886 3167 c.
914 3114 969 3178 4,
997 3123 1129 3171 tom.
1156 3114 1222 3170 IlI
1273 3114 1385 3171 Jul.
1413 3132 1465 3185 p.
1491 3115 1595 3170 545
1614 3128 1633 3166 .'
1661 3115 1958 3172 Memorant

379 3196 524 3251 euitn
566 3193 826 3250 Joannem
872 3195 972 3265 τῆς
1006 3198 1338 3268 περιφανοῦς
1379 3198 1475 3251 καὶ
1510 3196 1723 3265 ἐνδόξου
1751 3198 1958 3263 πόλεως

379 3278 781 3350 Χαραχμὸὄων.
815 3279 968 3334 Adde
999 3278 1331 3351 Stephanum
1373 3282 1425 3336 in
1459 3281 1848 3353 Χαρακμοῦὅα.

449 3358 584 3416 Ibid.
620 3360 976 3429 Ἆρεόπολις.
1015 3360 1153 3415 Olim
1185 3362 1261 3417 Ar
1293 3374 1349 3417 et
1377 3362 1534 3417 Moab
1570 3365 1868 3428 dicebatur,
1901 3372 1958 3418 ut

378 3443 646 3501 Eusebius
674 3444 725 3497 in
761 3442 1037 3498 Onomast.
1067 3452 1121 3497 et
1159 3444 1514 3514 Hieronymus
1541 3446 1592 3498 in
1628 3445 1762 3499 lsai.
1792 3462 1841 3500 c.
1877 3447 1945 3502 i5

378 3533 672 3579 testantur.
719 3522 1114 3592 Poiycbronius
1162 3525 1583 3593 Areopolitanus
1632 3526 1957 3593 subscripsit

379 3607 646 3673 rescripto
684 3603 907 3659 Joannis
935 3602 1416 3679 liierosoiymitani
1448 3616 1578 3663 tom.
1624 3608 1689 3664 XI
1746 3609 1951 3669 Concil.

378 3687 551 3744 Labb.
578 3702 631 3756 p.
660 3686 786 3742 376.
970 3678 981 3688 ’

453 3769 583 3824 Ibid.
616 3768 843 3838 depa.
874 3769 1226 3828 Hebraeorum
1260 3782 1377 3838 ’Ἵνῖ
1402 3783 1504 3834 est.
1542 3775 1643 3831 sita
1679 3775 1745 3830 ad
1779 3775 1954 3832 lacum

379 3851 738 3922 Asphaltiten.
789 3851 1024 3923 Cyrillns
1062 3855 1117 3909 in
1160 3853 1278 3910 Vita
1327 3855 1384 3911 S.
1419 3856 1576 3913 Saba:
1614 3873 1664 3913 (τ.
1704 3858 1812 3913 22:
1845 3859 1956 3913 Καὶ

381 3937 512 4007 περὶ
558 3937 655 4007 τὴν
678 3935 898 4005 Νεκράν
937 3936 1213 3993 θάλασσαν
1255 3939 1455 3994 ὁδεύων
1498 3941 1597 4012 τὴν
1634 3943 1726 3996 ἐπὶ
1768 3943 1956 4015 Ζώορα

383 4020 492 4074 ἴδεν
519 4021 578 4073 ὲν
617 4019 859 4092 θαλάσσῃ
896 4021 1058 4092 νῆσόν
1082 4038 1207 4077 τινα
1231 4024 1426 4095 χέρσον
1466 4025 1559 4077 καὶ
1598 4027 1954 4097 μικροτάτην.

381 4102 534 4155 Adde
563 4099 631 4153 ii.
664 4098 961 4156 Relandum
996 4101 1214 4159 Palwst.
1241 4120 1296 4159 ιιι
1322 4121 1374 4173 p.
1403 4105 1564 4161 1065.

452 4182 589 4240 ibid.
613 4183 879 4255 Μάμψις.
910 4185 1048 4242 Aliis
1072 4186 1584 4260 ΝοιίιὶἰςΜάμψης,
1603 4206 1710 4258 quo
1735 4192 1956 4248 nomine

380 4267 699 4325 Ptolemaeus
745 4269 987 4326 ldunuea:
1041 4271 1230 4326 urbem
1278 4272 1345 4326 ad
1393 4272 1648 4331 Jordanis
1698 4289 1952 4331 occasum

380 4352 647 4421 agnoscit,
676 4352 810 4423 tuae
836 4363 1017 4409 tamen
1052 4355 1324 4413 scribens.
1765 4406 1769 4411 .

451 4433 585 4489 ibid.
613 4435 919 4503 Βιταροῦς.
950 4435 1006 4491 1η
1031 4435 1146 4493 Jac.
1175 4438 1338 4494 Goari
1371 4438 1595 4496 Notitiis
1629 4442 1955 4514 Βιροσάμων

378 4524 433 4571 et
451 4516 766 4587 Βιροσάϐων
797 4518 972 4573 hacin
997 4520 1273 4588 provincia
1307 4533 1615 4579 recensetur
1638 4540 1654 4589 ;
1679 4539 1799 4592 qua:
1823 4525 1951 4580 mihi

380 4613 534 4668 teque
562 4608 650 4655 est
677 4602 929 4656 obscura.
958 4601 1214 4657 Fortasse
1245 4605 1416 4659 nostri
1452 4605 1713 4676 Βιταροῦς
1739 4615 1824 4661 est
1842 4607 1955 4662 Νο-

378 4680 513 4735 ιὶιίω
538 4681 662 4745 imp.
697 4679 907 4737 Orient.
936 4696 988 4737 c.
1021 4682 1123 4737 145
1157 4682 1412 4751 Bethora,
1436 4701 1557 4755 quas
1586 4690 1687 4743 sub
1717 4690 1952 4759 disposi-

382 4762 528 4817 tione
577 4763 729 4818 ducis
772 4763 987 4820 Arabia:
1033 4768 1413 4835 praefecturam
1467 4771 1690 4841 legionis
1742 4786 1954 4844 quartae

380 4845 585 4901 Martiae
632 4846 828 4911 habet;
889 4862 1151 4916 quorsum
1202 4860 1257 4905 et
1307 4852 1672 4912 Gothofredus
1721 4858 1950 4928 eleganti

382 4928 697 4999 conjectura
729 4930 767 4987 l.
813 4931 879 4987 i5
917 4946 967 4985 c.
1004 4930 1129 5006 Th..
1152 4934 1217 4989 de
1252 4935 1468 5007 Erogat.
1510 4939 1732 4995 militar.
1766 4942 1951 4996 refert.

381 5024 474 5068 aut
519 5026 669 5072 certe
703 5016 856 5072 vicus
902 5016 1147 5074 idumaue
1197 5019 1435 5091 Βητάρις
1475 5024 1613 5094 apud
1660 5023 1953 5093 Josephum

378 5095 446 5163 B,
482 5095 617 5154 Jud.
650 5099 705 5165 4,
736 5098 770 5154 8
809 5098 836 5171 ς
871 5099 892 5153 1
922 5117 936 5166 ;
978 5112 1139 5171 atque
1176 5101 1278 5159 hoc
1319 5106 1537 5171 malim,
1576 5108 1679 5160 etsi
1728 5106 1957 5164 Ruliuus

382 5180 539 5235 aliter
574 5182 769 5249 legisse
796 5184 1040 5240 videatur
1071 5201 1084 5238 :
1137 5199 1312 5255 neque
1345 5190 1487 5241 enim
1524 5196 1720 5258 praeter
1752 5205 1955 5246 morem

382 5261 435 5317 id
462 5264 683 5319 accidit.

468 5345 600 5401 Ibid.
647 5346 932 5402 Ἐλοῦσα.
982 5347 1165 5403 Posita
1211 5349 1311 5404 fuit
1366 5350 1419 5404 in
1471 5353 1714 5419 partibus
1758 5354 1958 5409 veteris

382 5427 720 5494 Moabitidis,
762 5439 900 5486 teste
930 5428 1257 5501 Hieronymo
1300 5433 1356 5487 in
1408 5431 1544 5487 lsai.
1579 5449 1631 5488 e.
1677 5434 1773 5501 15;
1810 5436 1958 5492 urbis

384 5510 622 5579 episcopi
663 5527 806 5580 stupe
836 5513 889 5567 in
917 5515 1167 5570 "oliclllis
1199 5517 1345 5572 obvii
1375 5528 1522 5583 sunt,
1558 5531 1614 5572 et
1654 5520 1720 5574 ab
1748 5518 1814 5574 il.
1849 5518 1955 5573 lie-

385 5594 547 5643 tamin
573 5596 847 5649 recensiti.

460 5671 590 5731 ibid.
632 5676 894 5732 Σάλτων.
931 5677 1087 5736 Deest
1112 5682 1351 5753 aliquid:
1386 5686 1517 5743 solet
1541 5687 1788 5757 saltibus,
1808 5704 1943 5761 quo-

1417 263 1797 323 ADDENDA.
1840 287 1906 297 —
1948 263 2014 322 P.
2050 250 2566 323 WESSELINGII

3530 254 3681 324 1180

2077 387 2196 426 rum
2243 373 2295 428 in
2345 373 2642 444 provinciis
2683 374 2948 438 meminit,
2979 374 3179 430 addere
3212 375 3423 440 titulos,
3473 382 3547 429 ut
3578 390 3677 429 co-

2073 468 2417 525 gnoscantur.
2442 456 2560 512 Jac.
2593 458 2752 512 Goari
2779 457 2976 513 Notitia
2998 459 3201 514 Σάλτον
3234 459 3554 532 Ἱερατεκὸν
3584 477 3683 530 ap-

2072 542 2257 608 pellat,
2288 541 2434 609 quod
2458 555 2641 595 verum
2673 540 2908 596 videtur.

2143 621 2278 678 ibid.
2323 623 2456 678 Ὑπὸ
2482 624 2947 690 κονσουλιίριον.
2975 624 3099 679 Fuit
3125 625 3323 679 Arabia
3346 625 3676 680 Constantii

2075 705 2413 772 imperatoris
2455 715 2696 775 tempore
2734 706 3089 773 prtesidiaiis,
3124 718 3183 761 ut
3222 723 3289 761 ex
3330 708 3367 762 Ι.
3401 708 3442 762 3
3469 723 3528 762 e.
3566 707 3673 762 Th.

2071 787 2136 841 de
2172 787 2351 843 Poenis
2382 799 2644 857 apparet:
2679 788 2868 842 habuit
2893 799 3152 858 praeterea
3188 790 3407 853 ducem,
3446 792 3553 858 qui
3591 789 3672 844 rei

2071 870 2320 925 militaris
2339 886 2526 926 curam
2548 871 2979 925 administraret.
3012 871 3093 927 Ab
3116 887 3183 926 eo
3208 887 3338 927 vero
3359 889 3497 927 eum
3525 887 3671 942 prx-

2068 966 2157 1006 ses
2181 953 2460 1021 penderet,
2487 955 2702 1008 tandem
2731 954 2832 1010 soli
2856 954 2979 1009 duci
3003 954 3199 1008 Arabia
3227 964 3312 1009 est
3332 956 3665 1009 commissa.

2069 1036 2337 1091 Docemur
2376 1038 2546 1093 baca
2599 1033 2910 1093 Justiniano
2954 1036 3090 1093 Nov.
3137 1038 3261 1093 102.
3308 1036 3448 1091 Erat
3494 1039 3663 1102 enim,

2068 1121 2263 1189 inquit,
2297 1120 2374 1174 ita
2407 1120 2552 1174 te’nui
2582 1129 2838 1189 potestate
2870 1121 3127 1190 praditus
3166 1122 3213 1173 is
3243 1121 3334 1191 qui
3360 1121 3517 1174 civili
3547 1137 3664 1174 uta-

2064 1203 2292 1269 gistratu
2327 1202 2733 1273 defungebatnr,
2781 1213 2835 1255 ut
2872 1205 2921 1257 ei
2948 1204 3038 1272 qui
3069 1212 3312 1271 pricesset
3339 1205 3513 1257 armis
3548 1220 3660 1258 ser-

2065 1285 2152 1338 vili
2171 1286 2542 1354 propemodum
2568 1301 2708 1340 more
2735 1287 3144 1353 mancipamur,
3173 1295 3223 1339 et
3249 1287 3302 1340 ia
3326 1286 3479 1341 illius
3504 1289 3657 1340 arbi-

2067 1368 2167 1420 trio
2199 1368 2360 1437 hujus
2387 1368 2535 1422 salus
2561 1378 2692 1422 esset
2737 1369 2932 1437 posita,
2963 1378 3055 1422 aut
3096 1378 3149 1421 ut
3182 1384 3245 1421 ne
3273 1381 3406 1422 esset
3437 1371 3651 1439 quidem

2066 1449 2278 1504 omnino
2302 1450 2388 1504 Itic
2408 1451 2782 1520 magistratus:
2807 1455 2945 1505 unde
2972 1452 3106 1505 adeo
3135 1460 3183 1503 et
3206 1450 3417 1520 longum
3444 1462 3655 1519 ternpns

2064 1543 2140 1586 est
2163 1548 2229 1586 ea:
2248 1549 2350 1604 quo
2372 1534 2417 1588 is
2445 1533 2677 1598 desierit,
2708 1542 2756 1588 et
2785 1534 3035 1587 militaris
3064 1550 3126 1587 ea
3155 1550 3275 1602 qua:
3296 1535 3500 1588 civilem
3527 1552 3652 1587 tua-

2063 1614 2348 1682 gistrattmt
2394 1625 2709 1670 eoncernunt
2762 1626 2999 1685 peragat.
3053 1614 3201 1669 Idem
3258 1614 3468 1669 Notitia
3514 1617 3647 1681 imp.

2064 1695 2266 1751 Orieut.
2292 1711 2344 1754 c.
2379 1698 2428 1763 i,
2459 1699 2647 1754 ducem
2680 1699 2900 1768 quidem
2935 1698 3169 1762 Arabiae,
3199 1714 3469 1768 nusquam
3505 1715 3649 1769 pra:-

2062 1780 2234 1834 sidetu
2263 1789 2355 1834 aut
2380 1781 2745 1846 consularem,
2779 1782 2885 1837 nisi
2915 1798 2965 1838 c.
3003 1781 3126 1846 145,
3162 1783 3251 1837 ubi
3281 1784 3389 1836 dux
3416 1790 3472 1836 et
3504 1798 3650 1850 prze-

2062 1877 2149 1917 ses
2193 1864 2285 1932 qui
2340 1874 2467 1919 ante
2513 1866 2618 1920 dux
2672 1875 2922 1934 tantum,
2976 1881 3311 1931 memorans,
3375 1865 3645 1922 aﬂirmat.

2062 1944 2247 2016 itaque
2275 1947 2499 2001 dubium
2524 1962 2646 2004 esse
2675 1964 2778 2003 non
2810 1958 2988 2018 potest
3014 1949 3145 2017 quin
3170 1947 3252 2003 hic
3271 1963 3423 2003 error
3452 1947 3548 2013 sit,
3578 1957 3651 2003 et

2063 2026 2115 2080 iu
2144 2028 2446 2085 consularis
2473 2030 2651 2086 locum
2684 2033 2789 2084 dux
2816 2032 3110 2086 succedere
3141 2030 3347 2084 debeat.

2137 2111 2270 2165 ibid.
2306 2114 2563 2181 Βόστρα.
2594 2112 2894 2168 Provinciae
2936 2113 3251 2183 metropolis
3283 2122 3423 2168 erat.
3451 2113 3599 2169 Ense
3623 2145 3644 2156 -

2059 2192 2182 2249 hius
2212 2195 2264 2248 itt
2296 2195 2465 2265 Βόσορ
2485 2211 2498 2248 :
2518 2194 2669 2266 Αὕτη
2703 2196 2822 2249 ἐστὶ
2850 2196 3083 2266 Βόστρα,
3111 2197 3144 2267 ἡ
3176 2195 3272 2249 νῦν
3304 2196 3642 2267 μητρόπολις

2058 2277 2156 2348 τῆς
2183 2276 2464 2348 Ἀραϐίας.
2498 2278 2650 2332 Adde
2690 2277 2881 2333 cencil.
2927 2277 3264 2333 Chalcedon.
3290 2295 3342 2348 p.
3374 2278 3501 2333 676.
3541 2279 3638 2332 lsi-

2059 2358 2225 2415 dorus
2256 2361 2420 2429 (apud
2464 2359 2713 2414 Pbotium
2756 2374 2807 2428 p.
2856 2357 3031 2429 1006)
3058 2359 3246 2415 Bostra
3283 2354 3502 2429 οἶστρον
3537 2360 3635 2430 τῆς

2061 2441 2204 2512 βοός,
2232 2443 2388 2512 quasi
2426 2441 2480 2495 io
2511 2443 2562 2497 in
2595 2459 2816 2498 vaccam
2848 2459 3005 2498 versa
3031 2459 3230 2499 nomen
3265 2445 3387 2498 urbi
3424 2444 3637 2509 iecerit,

2059 2534 2247 2579 notare
2272 2534 2463 2579 auctor
2493 2532 2599 2589 est,
2624 2526 2719 2579 sed
2752 2541 2946 2580 errans
2977 2544 2992 2580 :
3032 2535 3116 2580 est
3141 2527 3290 2580 enim
3325 2535 3497 2591 mn,
3529 2541 3639 2595 quo

2060 2606 2271 2664 liebraai
2324 2617 2379 2664 et
2422 2609 2615 2664 vicinae
2660 2618 2849 2681 gentes
2894 2610 3069 2665 locum
3116 2609 3389 2664 munitum
3429 2610 3630 2664 descri-

2058 2690 2209 2745 bunL

2128 2775 2261 2830 ibid.
2304 2774 2645 2845 Νιλακώμη.
2697 2776 2884 2847 ignota
2926 2776 3057 2831 mihi
3104 2784 3235 2832 est:
3275 2776 3639 2848 cogitaverant

2058 2859 2206 2930 Νεύη
2251 2859 2435 2930 κώμη,
2472 2861 2676 2928 quariu
2706 2859 2871 2915 Goari
2906 2859 3116 2916 Nolitia
3145 2868 3200 2914 et
3231 2860 3439 2916 Coucil.
3474 2860 3638 2915 Chai-

2059 2945 2251 2999 cedou.
2309 2959 2363 3014 p.
2411 2943 2516 2998 676
2569 2945 2941 3016 conspicitur,
2999 2962 3066 3001 an
3118 2946 3518 3017 Πεντακωμία,
3567 2962 3636 3001 an

2059 3025 2234 3096 Νεέλη
2264 3026 2447 3097 κώμη.
2476 3026 2631 3097 cujus
2658 3029 2942 3098 episcopus
2975 3029 3027 3083 in
3054 3030 3245 3084 eodem
3272 3040 3357 3085 est
3382 3029 3639 3092 concilio,

2058 3117 2376 3178 prmstaret;
2410 3108 2553 3165 forte
2583 3113 2853 3179 posterior
2876 3112 3114 3182 suspicio
3137 3128 3241 3166 non
3268 3112 3426 3183 longe
3452 3128 3482 3166 a
3506 3127 3635 3167 vero

2058 3192 2252 3246 aberit.
2292 3190 2351 3245 id
2394 3195 2677 3261 praeterire
2705 3194 2852 3259 nolo,
2895 3196 3092 3251 ibidem
3129 3193 3391 3250 Joannem
3426 3194 3635 3258 πόλεως

2062 3274 2271 3346 Ἔρρης
2298 3275 2439 3330 inter
2461 3275 2672 3331 Arabas
2701 3293 2897 3333 nomen
2928 3278 3189 3348 proﬁteri,
3216 3287 3271 3332 et
3292 3276 3629 3332 mansionem

2058 3355 2191 3411 Itin.
2226 3358 2350 3413 Ant.
2379 3373 2431 3429 p.
2467 3358 2567 3414 i96
2622 3357 2777 3426 Ere,
2803 3359 2941 3427 sive,
2970 3360 3106 3416 utin
3140 3357 3388 3414 Vaticano
3407 3374 3512 3413 ms.
3541 3360 3627 3414 ie-

2057 3439 2224 3511 gitur,
2255 3440 2359 3496 Ere
2385 3442 2552 3498 tueri.

2130 3523 2261 3578 Ibid.
2298 3525 2495 3593 Ἀδρα.
2523 3526 2614 3582 Sic
2643 3538 2698 3583 et
2724 3527 3069 3584 Ptolemaeus.
3097 3525 3316 3583 Tabula:
3340 3524 3625 3595 Peutinge-

2061 3620 2240 3659 rorutn
2277 3607 2493 3663 Adraha
2525 3607 2596 3664 Μ.
2630 3609 2689 3664 Ρ.
2729 3611 2797 3665 Ξιι
2831 3626 2861 3665 a
2896 3611 3120 3676 Bostris,
3155 3610 3383 3666 Eusebio
3413 3610 3465 3662 in
3493 3607 3634 3662 One-

2057 3697 2216 3744 mast.
2254 3690 2463 3754 Adara,
2496 3706 2619 3747 cum
2661 3692 2729 3745 de
2772 3694 2902 3748 urbe
2933 3693 3118 3747 Estirai
3158 3693 3255 3746 καὶ
3280 3690 3405 3756 νῦν.
3432 3692 3630 3759 inquit,

2057 3771 2207 3826 ἐστὶν
2227 3773 2437 3843 Ἀδαρα.
2458 3774 2612 3838 πόλις
2640 3774 2909 3845 ἐπίσημος
2931 3774 3027 3844 τῆς
3057 3774 3340 3843 Ἀραϐίας,
3365 3772 3636 3827 διεστῶσα

2059 3855 2308 3927 Βόστρων
2340 3858 2443 3927 (sic
2473 3862 2712 3926 praestat)
2741 3859 2990 3929 σημείοις
3030 3857 3128 3913 κδ’.
3167 3858 3338 3919 Vertit
3370 3858 3631 3926 Hierony-

2060 3956 2177 3993 mus
2201 3958 2217 3995 :
2255 3939 2411 3994 Nam:
2441 3952 2618 3995 autem
2651 3952 2724 3995 est
2753 3943 2932 3995 Adam
2957 3942 3177 4009 insignis
3206 3943 3394 3995 civitas
3422 3939 3633 3993 Arabi.t

2058 4022 2113 4075 in
2142 4022 2379 4076 vicesimo
2400 4034 2586 4093 quarto
2610 4023 2787 4093 lapide
2819 4040 2852 4077 a
2885 4023 3095 4077 Boslru.

2129 4102 2260 4159 Ibid.
2309 4106 2433 4159 Δία.
2492 4105 2622 4161 Δίαν
2668 4105 2768 4174 τὴν
2817 4104 3025 4175 ἔρημον
3073 4103 3246 4166 πόλιν,
3296 4104 3533 4158 Isidorus
3573 4102 3625 4156 iu

2062 4188 2179 4242 Vita
2207 4188 2472 4242 Datnascii
2496 4189 2632 4257 apud
2659 4188 2910 4243 I’hotium
2932 4187 3186 4241 Bibliotlt.
3210 4204 3265 4255 p.
3293 4187 3422 4252 1061
3455 4194 3627 4248 vocat,

2056 4274 2259 4327 addens
2286 4286 2452 4342 prope
2483 4272 2671 4326 urbem
2699 4286 2819 4327 esse
2843 4287 3116 4341 campum,
3149 4272 3202 4324 in
3225 4284 3338 4338 quo
3358 4284 3493 4338 aqua
3515 4280 3628 4336 sty-

2057 4355 2143 4425 gia
2170 4354 2392 4410 ebulliat
2418 4370 2433 4408 :
2472 4354 2705 4409 fortasse
2733 4369 2862 4423 ergo
2894 4355 2998 4408 huc
3039 4354 3271 4423 pertinet
3301 4351 3630 4420 epigramma

2058 4437 2198 4508 apud
2232 4437 2601 4504 Stephanum,
2629 4437 2772 4504 quod
2801 4437 2917 4506 ipse
2945 4438 3011 4491 ad
3055 4438 3206 4490 Dium
3239 4435 3439 4506 Syria),
3473 4433 3515 4486 si
3546 4440 3627 4483 tuo

2057 4536 2177 4574 tuen
2209 4520 2312 4572 alia
2346 4535 2409 4573 ac
2435 4530 2621 4573 nostra
2650 4528 2754 4585 est,
2794 4521 3089 4585 transtulit,
3116 4534 3224 4590 quo
3252 4533 3391 4588 aqua
3425 4516 3629 4570 Diensis

2057 4612 2183 4673 potu
2223 4601 2440 4672 quidem
2488 4600 2684 4668 dulcis,
2724 4604 2819 4657 sed
2866 4613 2921 4658 et
2966 4604 3240 4659 mortifera
3282 4602 3627 4672 perhibetur:

2055 4687 2221 4756 Νᾶμα
2267 4684 2329 4738 τὸ
2370 4685 2559 4753 Atr;va
2605 4685 2869 4756 γλυκερὸν
2918 4687 3080 4739 ποτόν
3109 4703 3123 4718 ο
3171 4686 3236 4739 ἂν
3296 4683 3416 4738 τόδε
3476 4681 3630 4752 πίῃς,

2057 4770 2242 4839 παύσῃ
2272 4767 2374 4839 μὲν
2398 4768 2578 4838 δίψης,
2606 4767 2735 4821 εὐθὺ
2767 4769 2823 4821 δὲ
2853 4770 2947 4822 καὶ
2975 4769 3179 4840 βιότου.

2128 4852 2265 4908 ibid.
2316 4851 2672 4919 Ἐξακωμία.
2715 4850 2957 4907 iiabetur
2988 4865 3044 4908 et
3077 4854 3130 4908 in
3157 4851 3273 4907 Jac.
3313 4852 3477 4906 Goari
3520 4849 3630 4902 No-

2059 4936 2202 4989 titia.
2236 4933 2443 4987 l‘tomen
2477 4933 2603 4987 illia
2633 4947 2727 4988 sex
2760 4935 2932 5004 pagis,
2967 4947 3023 4988 ιιι
3057 4934 3437 4997 Ιιυιιιιιι-οιιιὶκ,
3468 4947 3631 5003 quam

2056 5020 2243 5074 eadem
2268 5019 2531 5088 agnoscit,
2560 5032 2588 5070 a
2616 5018 2881 5087 quinque,
2918 5020 3084 5076 venit.

2127 5103 2263 5158 Ibid.
2311 5100 2582 5170 Μήδαϐα.
2640 5100 2862 5157 Medeba
2913 5112 2996 5157 est
3055 5104 3107 5156 in
3169 5101 3415 5172 portione
3460 5099 3628 5152 tribus

2058 5187 2271 5242 Ruben.
2308 5184 2423 5240 Jos.
2464 5197 2515 5237 c.
2553 5200 2678 5249 xm,
2722 5186 2809 5242 16.
2841 5185 3077 5257 Cyrilins
3132 5188 3183 5239 in
3227 5185 3350 5239 Vita
3392 5185 3448 5238 S.
3481 5181 3623 5237 Saba

2057 5287 2108 5325 ς.
2149 5270 2259 5328 45ξ
2290 5267 2525 5339 Μήδαϐα
2556 5266 2708 5329 πόλις
2747 5270 2863 5321 ἐστὶ
2897 5270 3041 5339 πέρα
3070 5269 3161 5322 τνῦ
3185 5268 3485 5339 ἰουρδάνου
3518 5258 3635 5316 κατ’

2058 5351 2353 5415 ἀνατολὰς,
2395 5350 2501 5404 ὑπὸ
2529 5349 2630 5421 τὴν
2664 5349 2930 5419 ’Λραὸίοιν
2962 5351 3211 5407 τελοῦσα.
3257 5349 3499 5404 Meminit
3522 5344 3640 5413 ejus

2062 5438 2323 5492 Eusebius
2366 5436 2416 5488 itt
2460 5433 2774 5504 Καριαθεὶμ
2821 5446 2876 5489 ct
2923 5434 3136 5500 Ἰεσσὰ,
3180 5435 3267 5489 tibi
3307 5450 3405 5504 pro
3436 5428 3638 5502 μεταξὺ

2060 5518 2376 5590 Μηδαμὼν,
2424 5518 2571 5587 quod
2607 5518 2896 5573 Martianei
2946 5519 3110 5572 editio
3160 5519 3408 5587 pra'fert,
3454 5511 3636 5584 Μηδὰέ

2065 5605 2175 5658 6ων
2197 5604 2298 5671 legi
2326 5611 2558 5670 oportet.

2135 5688 2274 5744 ibid.
2307 5686 2567 5755 Γέρασα.
2607 5685 2764 5754 Πόλις
2796 5686 3063 5759 ἐπίσημος
3091 5685 3190 5758 τῆς
3222 5684 3497 5759 Ἀραϐίας.
3528 5679 3623 5735 Ειι-
