3980 6210
358 263 491 330 1181

352 383 501 437 sebio
534 382 814 437 Onomast.
854 382 906 436 in
937 382 1237 453 Γεργασεί,
1277 396 1483 439 semota
1511 400 1538 437 a
1571 383 1731 437 Ilurio
1761 383 1927 439 Jarob

353 465 423 519 Μ.
455 465 512 520 P.
538 466 591 527 4,
624 475 762 518 tcste
789 462 1115 534 Hieronymo
1142 465 1194 517 in
1226 460 1389 518 Jacob
1417 467 1655 535 ejusdem
1686 465 1924 520 Eusebii.

352 549 655 618 Episcopus
698 545 815 615 ejus
868 546 1063 602 Placus
1114 555 1193 601 est
1246 547 1298 601 in
1349 547 1677 604 Chalcedon.
1732 547 1926 604 concil.

424 712 542 767 (Iol.
572 712 693 765 I53.
735 710 1052 778 Μαιοῦδος.
1084 710 1226 765 Nihil
1257 710 1385 765 mihi
1418 709 1485 765 de
1511 710 1611 764 hac
1643 713 1874 767 innotuit
1910 722 1929 763 :

354 802 538 861 posset
556 809 622 847 ex
644 794 868 848 Notitiis
888 807 940 849 et
956 794 1307 849 conciliorum
1324 794 1469 848 Actis
1486 793 1591 847 alia
1609 809 1712 847 non
1740 807 1933 863 magno

355 878 632 932 molimine
673 876 966 943 sobstitui,
1021 879 1125 933 nisi
1171 892 1234 930 ea
1281 891 1366 931 res
1410 876 1727 946 periculosae
1777 875 1932 947 plena

354 958 497 1014 foret
520 959 671 1014 aIeas.

392 1046 397 1049 '
427 1043 561 1098 Ibid.
599 1040 989 1112 ΦιλαδελφΙα.
1024 1042 1139 1097 Non
1172 1043 1275 1096 alia
1306 1051 1390 1097 est
1412 1056 1476 1096 ac
1502 1039 1932 1104 Rabbatamana,

356 1140 478 1195 qum
508 1140 535 1178 a
582 1124 869 1179 Ptolemmo
911 1123 1265 1190 Philadelpho
1308 1137 1447 1178 navo
1484 1124 1678 1177 donata
1715 1131 1799 1176 est
1842 1137 1940 1177 no-

357 1209 523 1263 mine.
571 1208 930 1277 IIieronymus
969 1207 1023 1259 in
1075 1204 1270 1259 Ezech.
1315 1221 1364 1259 c.
1397 1204 1475 1259 25
1505 1225 1518 1258 :
1551 1203 1685 1258 Filii
1715 1206 1936 1259 Ammon

358 1292 617 1345 habebant
657 1289 971 1355 metmpolin
1009 1287 1214 1342 nomine
1245 1286 1517 1349 Rabbath,
1560 1304 1677 1356 quae
1718 1286 1870 1341 hodie
1905 1305 1937 1341 a

360 1388 479 1442 rege
536 1370 758 1440 Αἴθρη)ιί
803 1368 1129 1436 Ρῖοιειιιιεο,
1178 1380 1516 1440 cognomento
1563 1368 1933 1437 Philadelpho,

360 1456 453 1525 qui
491 1455 743 1508 Arabiam
785 1453 949 1508 tenuit
995 1468 1113 1506 cum
1160 1452 1387 1512 Juda’a,
1444 1449 1811 1520 Philadelphia
1854 1468 1941 1504 co-

359 1539 667 1607 gnominata
714 1544 812 1590 est.
870 1535 1071 1589 Aberat
1120 1535 1263 1588 haud
1322 1534 1482 1603 longo
1541 1534 1825 1588 intervallo
1872 1534 1940 1586 ab

361 1633 521 1673 amne
567 1616 733 1672 Iacob
781 1617 919 1685 apud
963 1615 1252 1671 Eusebium
1302 1615 1578 1669 Onomast.
1632 1615 1689 1669 In
1737 1614 1938 1668 1366):.

361 1702 512 1771 plura
542 1700 779 1753 Eduard.
809 1698 1113 1753 Bernardns
1148 1698 1198 1752 in
1230 1696 1445 1767 Joseplii
1480 1699 1543 1752 Α.
1574 1697 1706 1751 Jnd.
1735 1698 1788 1761 4,
1814 1698 1866 1753 5.

431 1783 568 1838 Ibid.
593 1783 715 1837 Νέα
742 1782 940 1847 πόλις.
971 1782 1164 1836 Chilon
1194 1781 1401 1845 πόλεως
1447 1783 1590 1844 Νέας
1623 1783 1831 1845 πόλεως
1861 1782 1940 1834 in-

363 1873 448 1918 ter
495 1864 701 1920 Arabes
747 1864 1023 1918 antistites
1071 1863 1303 1917 concilio
1351 1863 1685 1918 Chalcedon.
1736 1878 1787 1933 p.
1837 1861 1945 1916 675

362 1961 559 2001 nomen
590 1946 874 2016 ascripsit.

432 2030 567 2084 Ibid.
629 2028 973 2098 Ἰεράπολις.
1021 2028 1125 2084 Alii
1181 2029 1321 2085 hanc
1365 2028 1758 2101 explicuerint;
1809 2029 1941 2084 mihi

367 2113 548 2183 ignota
587 2122 689 2167 est.

437 2194 570 2249 Ibid.
592 2193 1053 2258 Φιλιππόπολις.
1073 2191 1299 2248 Condita
1320 2202 1402 2249 est
1424 2208 1450 2244 a
1470 2191 1720 2262 Philippo
1741 2194 1942 2257 Arabe,

367 2284 426 2332 ut
452 2277 633 2332 Victor
666 2276 908 2330 Zonaras
938 2285 993 2330 et
1025 2274 1301 2331 Cedrenus
1332 2278 1529 2331 docent
1558 2286 1612 2330 et
1650 2279 1752 2331 viri
1803 2278 1943 2333 docti

365 2359 565 2413 dudum
594 2367 939 2414 monuerunt.
964 2358 1116 2424 Quod
1142 2373 1269 2413 vero
1297 2357 1486 2412 Bostra
1514 2360 1759 2414 eamdem
1786 2356 1948 2429 atque

367 2443 505 2496 hanc
553 2442 920 2505 arbitrantur,
971 2441 1020 2493 id
1050 2449 1104 2492 ct
1146 2441 1259 2493 Inec
1306 2438 1515 2494 Notitia
1559 2449 1615 2496 et
1650 2443 1944 2496 concilium

365 2525 807 2579 Chalcedonense
845 2522 1101 2577 convellit
1132 2540 1146 2577 :
1189 2522 1531 2592 distinguunt
1568 2525 1715 2579 enim
1758 2524 1946 2578 Bostra

366 2616 421 2661 ct
442 2606 855 2680 Philippopolin.
886 2605 1016 2660 Vide
1039 2615 1169 2661 tom.
1194 2604 1307 2660 VIII
1336 2605 1545 2661 Concil.
1572 2597 1741 2662 Labb‘.
1768 2626 1819 2677 p.
1844 2608 1949 2662 611

367 2700 421 2746 et
452 2690 577 2754 675,
610 2698 972 2759 praetereaque
991 2688 1373 2758 Spanhentium
1400 2691 1619 2746 dissert.
1657 2693 1726 2747 13
1756 2695 1818 2747 de
1853 2692 1945 2748 Us.

368 2786 417 2828 et
449 2771 512 2828 Ρ.
551 2772 622 2828 Ν.
655 2788 707 2842 p.
738 2772 865 2827 6I2.

442 2857 575 2911 Ibid.
619 2856 832 2910 Φαινώ.
888 2855 966 2910 Ita
1014 2856 1293 2927 legendum
1320 2857 1453 2910 vidit
1501 2857 1563 2911 L.
1594 2857 1948 2927 IIoIsteinius,

372 2942 485 2996 Sita
515 2950 633 2994 erat
675 2940 887 2994 Petram
934 2939 1077 2993 inter
1118 2948 1171 2993 et
1204 2938 1415 3000 Zoora.
1453 2942 1575 2994 :rtis
1620 2944 1853 2995 metallis
1898 2953 1951 2998 et

370 3023 580 3078 exsiliis
609 3022 1156 3076 multornminlamis.
1191 3021 1453 3076 Eusebius
1484 3024 1536 3075 in
1560 3022 1733 3075 Φινῶν
1764 3023 1950 3095 εΔῦτη

368 3108 488 3162 ἐστὶ
524 3107 737 3171 Φαινὼ,
771 3105 901 3159 ἔνθα
944 3106 1011 3158 τὰ
1056 3104 1291 3174 μέταλλα
1336 3105 1429 3158 τοῦ
1470 3106 1701 3176 χαλκοῦ,
1749 3109 1950 3178 μεταξὺ

368 3190 600 3259 κειμένη
647 3188 861 3259 Πέτρας
906 3188 1118 3251 πόλεως
1160 3188 1252 3241 καὶ
1294 3189 1526 3258 Ζοορῶν.
1570 3189 1661 3244 Sic
1707 3190 1791 3244 ιο.
1828 3190 1948 3245 Cle-

370 3274 550 3336 ricus,
608 3281 658 3325 et
700 3283 845 3326 recte
886 3270 1229 3334 emendavit,
1276 3286 1437 3339 quem
1486 3281 1540 3327 et
1596 3272 1648 3325 in
1700 3272 1843 3326 κατὰ
1883 3274 1953 3326 τὰ

370 3357 574 3428 χρυσέα
614 3363 668 3410 et
698 3354 895 3408 Δαιδὰν
924 3355 1065 3408 vide.
1108 3356 1493 3425 Hieronymus,
1532 3354 1737 3423 Fenon,
1774 3366 1950 3409 castra

370 3440 406 3507 ﬁ
431 3440 603 3492 iorum
642 3438 807 3492 Israel
830 3439 883 3490 in
907 3439 1133 3491 deserto.
1161 3434 1292 3491 Fuit
1322 3447 1498 3491 autem
1525 3440 1793 3506 quondam
1824 3437 1952 3491 ciri-

372 3535 453 3573 tas
489 3521 785 3587 principum
829 3519 1016 3583 Edam,
1060 3536 1197 3574 nunc
1235 3520 1436 3573 viculns
1481 3521 1534 3572 in
1577 3521 1818 3585 deserto;
1863 3521 1953 3575 ubi

374 3610 496 3656 αγις
518 3603 730 3656 metalla
768 3603 1137 3654 damnatorum
1166 3603 1434 3669 suppliciis
1460 3604 1788 3671 e/fodiuntur
1817 3605 1953 3656 inter

374 3686 638 3738 ciri'atent
683 3681 896 3735 Petram
946 3693 994 3736 et
1036 3681 1286 3736 Zoaram.
1325 3684 1476 3737 Adde
1521 3683 1580 3739 S.
1626 3683 1951 3738 Bochartum

375 3765 437 3820 P.
465 3767 518 3819 2.
557 3764 866 3818 IIierozoic.
903 3780 981 3829 ιιι,
1020 3766 1110 3818 15.

447 3848 580 3903 Ibid.
622 3848 1027 3903 Κωνσταντία,
1067 3848 1289 3902 Notitia:
1314 3847 1430 3903 Jac.
1459 3847 1623 3902 Guari
1655 3849 1954 3902 Κωνσταν-

373 3936 519 4002 τῖνη,
556 3930 843 3986 concilium
872 3928 1201 3985 Chalcedon.
1236 3929 1407 3998 p.676
1430 3931 1872 4002 Κωνσταντιάνη,
1904 3941 1960 3988 et

376 4020 429 4071 in
461 4015 628 4069 veteri
665 4013 915 4066 versione
941 4011 1282 4067 Constantia.

446 4098 580 4151 Ibid.
604 4094 946 4161 Διονυσιάς.
978 4095 1154 4150 Maras
1193 4096 1536 4160 Διονυσιάδος
1566 4097 1667 4152 sub
1693 4097 1957 4154 Bostreno

377 4179 719 4249 metropolita
744 4178 796 4232 in
822 4180 1010 4233 eodem
1034 4186 1116 4231 est
1141 4179 1395 4232 concilio.
1423 4177 1615 4234 Incolae
1637 4182 1955 4246 Διονυσιετς,

380 4282 484 4320 ιιοιι
518 4263 745 4317 multum
780 4277 810 4318 a
852 4262 1077 4330 Bostris,
1113 4262 1321 4318 Isidoro
1346 4264 1490 4333 apud
1525 4265 1776 4321 Photiqu
1812 4267 1953 4323 Bibl.

379 4364 432 4417 p.
476 4348 632 4402 1060.

448 4431 585 4485 Ibid.
644 4431 899 4485 Κανόθα.
975 4431 1213 4485 Κανωθὰ
1265 4431 1567 4487 Concilium
1626 4434 1955 4493 Chalcedon.

377 4531 433 4584 p.
462 4515 588 4580 660,
626 4529 877 4569 nummus
907 4514 1244 4568 Κανωθαίων
1272 4517 1409 4582 apud
1432 4514 1796 4573 Vaillantinm.
1828 4518 1961 4573 IIar-

377 4598 574 4653 duinus
611 4596 900 4651 Domitiani
944 4613 1221 4650 nummum
1263 4598 1639 4652 ΚΑΝΑΘαίων
1681 4602 1836 4657 ΖΝΡ.
1874 4604 1957 4657 itt-

377 4682 639 4750 scriptum
675 4680 729 4733 in
761 4677 919 4733 Num.
966 4678 1100 4734 Urb.
1141 4679 1311 4735 Illust.
1351 4681 1550 4747 edidit,
1594 4685 1679 4737 cui
1723 4686 1953 4740 similem

378 4764 650 4819 Wildiana
690 4780 821 4834 gaza
863 4772 1065 4817 servat.
1102 4763 1387 4817 Consentit
1433 4763 1700 4823 Eusebius
1729 4767 1781 4822 iu
1816 4767 1958 4821 Ono.

378 4848 750 4904 ntast.Kavdt0
802 4850 964 4916 κώμη
1025 4847 1123 4917 τῆς
1168 4847 1451 4916 Ἀραϐίας,
1507 4849 1676 4903 εἰσέτι
1731 4851 1958 4905 Καναοὰ

377 4932 665 5001 λεγομένη.
702 4930 768 4984 Ει
806 4941 929 4999 post
969 4944 1136 4998 pauca
1168 4947 1181 4983 :
1215 4930 1402 4983 Κετται
1436 4930 1494 4984 δὲ
1523 4931 1694 4985 εἰσέτι
1724 4934 1818 4987 uel
1862 4934 1957 4988 νῦν

378 5017 436 5068 ἐν
463 5015 823 5086 Τραχωνίτιδι
856 5014 1083 5084 πλησίον
1110 5013 1382 5085 Βόστρων.
1421 5014 1543 5070 Fuit
1572 5031 1702 5086 ergo
1737 5027 1958 5087 propter

377 5099 592 5154 Bostra.

450 5185 583 5239 Ibid.
624 5181 982 5249 Ἀδρασσός.
1018 5180 1080 5235 II.
1120 5180 1361 5238 Relando
1399 5199 1502 5237 non
1545 5184 1646 5238 alia
1686 5195 1768 5240 est
1799 5198 1957 5257 atque

379 5269 518 5320 Adra
557 5265 721 5319 Favet
748 5265 824 5319 illi
853 5263 1059 5317 Notitia
1090 5265 1207 5319 Jac.
1238 5265 1423 5332 Goari,
1442 5267 1735 5322 AdraSsum
1759 5285 1959 5324 memo-

380 5364 537 5410 rans,
588 5362 691 5401 non
734 5348 879 5402 illam
927 5356 1260 5402 cumtamen
1315 5348 1588 5404 Ilierocles
1639 5352 1954 5424 distinguat,

381 5430 693 5496 praestiterit
724 5448 869 5494 etim,
902 5433 1003 5486 etsi
1031 5431 1157 5486 SOI£
1185 5431 1404 5487 Notititc
1435 5434 1553 5503 ejus
1583 5437 1952 5505 meminerint,

379 5513 590 5565 audire.

453 5596 585 5649 Ibid.
640 5598 923 5666 Ἐπαρχίιι
962 5598 1392 5668 Αἰγυπτιακῆς.
1428 5600 1653 5657 Orditur
1687 5603 1953 5659 tliazccsin

381 5678 711 5749 Aigyptiam,
742 5696 859 5750 qua:
886 5681 1155 5737 Ammiani
1183 5693 1342 5738 (etate
1371 5688 1609 5754 quinque
1636 5701 1949 5758 prouncus,

1170 266 1553 330 COMMENT.
1598 267 1678 327 IN
1711 200 2127 328 IIIERO\CLIS
2168 269 2708 329 SYNECDEMUM.

3459 266 3602 331 1182

2035 381 2293 456 IEgypto,
2328 400 2444 455 qum
2472 383 2574 438 sub
2608 380 2912 437 Iustiniano
2937 378 3128 449 duplex
3158 390 3297 444 erat,
3332 390 3389 432 nt
3422 380 3604 435 Edict.

2032 470 2101 525 I5
2136 470 2361 532 indicat,
2387 467 2685 533 Thebaide,
2715 465 2908 533 Libya,
2941 464 3361 533 Augustamnica
3392 474 3445 518 et
3475 462 3611 519 Per.-

2033 552 2195 620 tapoli
2236 550 2637 612 ahsolvebatur,
2666 548 2742 601 uti
2769 547 2804 600 l.
2834 546 2926 608 22,
2964 561 3013 600 c.
3053 544 3141 607 16,
3174 545 3381 601 scribit.
3409 546 3610 599 Addita

2034 635 2158 689 dein
2197 634 2264 688 ab
2295 633 2534 688 Arcadio
2566 632 2890 700 imperatore
2922 628 3147 682 Arcadia
3181 640 3285 689 est.
3319 628 3468 693 cujus
3504 628 3610 681 Νο-

2030 717 2147 770 tilia
2180 717 2306 786 imp.
2342 717 2543 771 Orient.
2577 729 2625 769 c.
2660 714 2762 767 II7
2797 713 3059 767 meminit.
3094 711 3222 765 Post
3251 711 3371 764 dein
3403 712 3609 779 Angus-

2034 798 2265 852 tamnica
2302 797 2356 856 in
2385 798 2519 852 duas
2551 805 2635 851 est
2664 805 2833 849 secta.
2864 794 3067 848 Omnes
3098 793 3352 863 przelemo
3390 796 3603 859 Augus-

2034 879 2160 945 tali,
2200 879 2299 934 etsi
2348 877 2616 949 A'Zgyptus
2658 877 2933 947 provincia
2988 876 3259 945 praeeipua
3309 874 3425 938 ejus
3470 884 3612 928 esset

2033 973 2190 1025 sors,
2239 960 2512 1029 subjectae.
2551 960 2767 1016 Primus
2810 960 3001 1013 horum
3048 958 3460 1025 Augustalium,
3508 959 3615 1009 as-

2033 1044 2387 1110 γουσταλίων.
2424 1044 2468 1096 si
2499 1058 2602 1097 non
2633 1043 2771 1097 fallit
2808 1043 2890 1097 .Io.
2930 1042 3120 1095 Malala
3158 1050 3289 1095 tom.
3327 1057 3371 1104 I,
3405 1058 3455 1106 p.
3484 1041 3615 1099 290,

2033 1125 2314 1181 Cornelius
2332 1125 2433 1179 fuit
2450 1125 2634 1180 Gallus
2656 1143 2668 1178 :
2690 1125 2961 1192 Angustus
2984 1124 3129 1177 enim
3147 1123 3364 1177 domitm
3387 1122 3617 1192 ﬁgyptu

2035 1209 2270 1277 equitem
2295 1209 2571 1277 imposuit,
2597 1208 2737 1277 apud
2769 1208 2989 1260 Dionem
3023 1206 3060 1261 1.
3087 1221 3197 1260 CXI.
3228 1224 3280 1273 p.
3307 1206 3435 1269 5⁸21,
3457 1206 3619 1260 inter-

2037 1305 2142 1360 que
2173 1291 2278 1344 alia
2316 1292 2704 1346 dominationis
2732 1304 2929 1343 arcana
2960 1289 3155 1353 vetuit,
3192 1290 3293 1343 nisi
3331 1291 3617 1355 permissu,

2039 1374 2245 1445 ingredi
2270 1384 2574 1438 senatores,
2606 1373 2797 1427 Tacito
2823 1371 3017 1425 Annal.
3049 1387 3109 1436 ιι,
3132 1371 3199 1425 59
3231 1382 3385 1425 teste.
3416 1372 3621 1425 Solem-

2041 1459 2125 1513 nis
2151 1456 2388 1527 praefecti
2415 1456 2723 1526 Augustalis
2748 1457 2904 1510 sedes
2930 1453 3270 1506 Alexandria:
3298 1464 3447 1519 erat;
3480 1453 3622 1505 unde

2040 1539 2282 1610 ὕπαρχος
2308 1540 2405 1609 τῆς
2452 1537 2859 1608 Ἀλεξανδρείας
2893 1535 3199 1589 Sozomeno
3231 1534 3298 1590 Il.
3336 1539 3400 1589 E.
3434 1552 3526 1595 vit,
3558 1535 3622 1586 15‘

2040 1622 2261 1676 dicitur.
2298 1621 2619 1676 Theodorus
2654 1617 3052 1687 Αὑγουστάλιος
3084 1625 3167 1670 est
3209 1617 3258 1669 in
3294 1616 3483 1669 Isidori
3524 1621 3623 1671 l‘e-

2042 1706 2251 1761 lusione
2292 1705 2450 1773 epist.
2501 1719 2584 1765 ιιι.
2638 1703 2743 1761 50,
2783 1702 2921 1754 alius
2954 1701 3005 1752 in
3051 1699 3261 1770 Synesii
3301 1701 3460 1765 epist.
3501 1704 3621 1754 Illis.

2042 1789 2117 1843 De
2148 1788 2322 1842 olIicio
2355 1788 2472 1855 ejus
2502 1787 2627 1841 vide
2659 1786 2694 1840 I.
2734 1786 2754 1838 I
2803 1795 2856 1838 et
2894 1784 2929 1836 2
2957 1799 3007 1837 c.
3037 1783 3101 1836 de
3132 1782 3286 1836 Ollic.
3313 1781 3473 1835 Praef.
3513 1784 3622 1835 An-

2040 1881 2181 1940 gust.
2210 1880 2370 1939 atque
2399 1870 2575 1926 Edict.
2616 1867 2910 1923 Iustiniani
2962 1868 3059 1930 13,
3103 1876 3149 1919 et
3186 1865 3528 1919 Pancirolum
3572 1860 3625 1915 in

2044 1954 2218 2009 Nolit.
2252 1954 2380 2020 imp.
2419 1952 2624 2007 Orient.
2654 1968 2706 2006 c.
2742 1950 2863 2004 II7.

2114 2036 2246 2091 Ibid.
2297 2034 2749 2104 Ἀλεξάνδρεια.
2792 2035 2886 2086 Dio
2915 2031 3333 2103 Chrysostomus
3360 2041 3502 2084 orat.
3531 2030 3622 2090 22,

2043 2134 2098 2189 p.
2123 2119 2230 2175 372
2262 2120 2428 2173 totius
2456 2117 2601 2171 orbis
2624 2133 2718 2172 sua
2744 2126 2906 2171 aetate
2936 2115 3238 2184 emporium
3272 2113 3436 2166 fuisse
3464 2124 3626 2181 atque

2044 2203 2279 2273 undique
2347 2202 2398 2254 in
2463 2216 2580 2255 eam
2638 2214 2826 2255 omnes
2884 2199 3210 2254 conﬂuxisse
3276 2207 3624 2257 mercatores,

2044 2285 2184 2339 ὥστε
2214 2284 2314 2347 τὰς
2349 2283 2644 2353 ἐμπορίας,
2671 2282 2864 2349 inquit,
2896 2281 2956 2332 οὐ
2984 2282 3184 2351 νήσων,
3222 2279 3343 2331 οὐδὲ
3369 2277 3625 2346 λιμένων,

2046 2369 2166 2422 οὐδὲ
2190 2366 2451 2437 πορθμῶν
2475 2364 2637 2420 τινῶν
2658 2366 2752 2417 καὶ
2782 2364 3013 2433 ἰσθμῶν,
3040 2362 3175 2415 ἀλλὰ
3202 2362 3387 2431 σχεδον
3411 2360 3523 2413 ἁπά
3534 2379 3629 2431 an;

2046 2452 2145 2522 τῆς
2182 2450 2507 2520 οἰκουμένης
2541 2447 2825 2516 γίγνεσθαι
2858 2448 2986 2516 παρ’
3037 2446 3167 2516 ὑμῖν
3200 2462 3213 2497 :
3258 2460 3417 2511 quam
3447 2460 3627 2497 rerum

2046 2536 2256 2605 copiam
2302 2545 2356 2589 et
2398 2533 2692 2587 incolarum
2738 2530 3099 2597 frequentiam
3150 2528 3238 2581 diu
3287 2527 3360 2580 illi
3405 2528 3631 2580 durasse

2046 2618 2263 2672 aliunde
2303 2626 2534 2672 constat.
2583 2614 2734 2667 Ilaml
2786 2615 2944 2681 longe
2996 2615 3182 2667 aberat
3233 2611 3464 2671 I‘harus,
3510 2612 3629 2660 dein

2047 2703 2166 2757 urbi
2212 2701 2502 2771 conjuncta
2555 2715 2621 2753 ac
2662 2696 2906 2761 Majnmae
2951 2697 3167 2749 nomine
3209 2694 3459 2747 celebris.
3499 2693 3633 2744 Acta

2048 2786 2106 2841 S.
2138 2785 2263 2855 Cyri
2297 2799 2346 2838 c.
2388 2799 2468 2847 ιιι,
2504 2792 2633 2836 ιοιιι.
2668 2780 2731 2844 Il,
2763 2781 2990 2835 Ianuar.
3025 2795 3075 2847 p.
3110 2778 3283 2833 l090:
3319 2778 3633 2847 Majumetcs

2050 2868 2135 2921 hic
2170 2877 2278 2920 erat
2302 2907 2316 2931 ,
2348 2882 2452 2919 non
2487 2881 2550 2917 ex
2587 2862 2899 2917 Cazensinm
2946 2862 3184 2931 .Ilujnma
3223 2862 3465 2927 gradiens
3489 2900 3504 2923 ,
3544 2858 3633 2913 srd

2050 2966 2114 3004 ea:
2143 2950 2237 3003 illa
2270 2947 2769 3010 Alexandrinorum,
2799 2962 2956 3015 quant
2988 2945 3221 3005 Pharus,
3255 2944 3515 3012 quondam
3554 2943 3635 2993 in-

2049 3032 2185 3094 sula,
2221 3029 2601 3098 complectitur,
2634 3044 2849 3096 quicque
2872 3043 3008 3078 nunc
3045 3026 3378 3078 .‘lleazandrite
3408 3040 3523 3077 cum
3557 3024 3635 3075 in—

2050 3115 2238 3171 sulana
2283 3115 2493 3167 civitate
2520 3111 2810 3178 conjuncta:
2839 3127 2961 3178 pars
2991 3110 3230 3172 habetur,
3263 3117 3429 3161 vetere
3460 3107 3635 3175 Maja-

2052 3215 2150 3253 ma:
2210 3197 2417 3251 nomine
2470 3196 2641 3247 adhuc
2700 3204 2916 3246 retento.
2972 3192 3214 3246 Philonis
3261 3201 3418 3244 :etatc
3461 3189 3637 3257 αὐχὴν

2051 3282 2363 3343 ὑποταίνιος
2399 3294 2460 3334 ex
2497 3276 2669 3331 insula
2704 3277 2768 3330 ad
2806 3280 2995 3329 urbem
3032 3274 3355 3341 pertinebat,
3394 3287 3510 3341 qme
3543 3282 3636 3325 ta:-

2054 3365 2164 3426 nia,
2196 3365 2263 3417 de
2295 3377 2397 3431 qua
2435 3369 2489 3416 et
2536 3358 2736 3414 Strabo
2776 3373 2910 3422 xvu,
2951 3374 3005 3428 p.
3050 3357 3185 3417 800,
3227 3365 3315 3409 aut
3356 3356 3400 3409 si
3449 3354 3633 3409 brevia

2052 3447 2228 3511 malis,
2261 3444 2517 3514 paulatim
2554 3440 2917 3496 alluvionihus
2949 3440 3161 3491 videtur
3193 3446 3370 3497 aucta.
3415 3437 3480 3492 de
3518 3435 3636 3491 Vita

2051 3530 2213 3584 Musis
2239 3544 2299 3588 ll,
2343 3544 2397 3596 p.
2432 3527 2559 3583 659.
2603 3525 2870 3580 Caeterum
2909 3522 3060 3576 urbis
3095 3521 3334 3589 episcopi
3382 3537 3476 3590 per
3515 3519 3637 3573 uni-

2053 3626 2263 3666 versam
2295 3609 2583 3680 IEgypmm
2622 3606 2920 3661 auctoritas
2953 3604 3285 3673 amplissima
3320 3610 3457 3662 erat.
3500 3602 3637 3657 sibi-

2053 3708 2158 3761 que
2187 3690 2466 3758 subjectos
2492 3697 2707 3742 ceutum
2743 3688 2962 3740 circiter
2993 3686 3267 3740 antistites
3300 3685 3550 3749 habebat,
3582 3693 3640 3737 ut

2055 3773 2386 3827 Athanasius
2422 3771 2641 3836 Apolog.
2672 3784 2720 3822 c.
2760 3769 2948 3820 Arian.
2981 3780 3033 3834 p.
3076 3766 3200 3831 187,
3234 3765 3491 3819 afﬁrmat.

2125 3854 2263 3909 Ib'd.
2322 3851 2729 3921 Ἐρμούπολις.
2778 3848 2948 3901 Parva
2988 3846 3352 3914 Hermupolis,
3390 3863 3510 3914 quae
3541 3847 3638 3917 τῆς

2055 3935 2455 4006 Ἀλεξανδρέων
2494 3931 2679 4003 χώρας
2723 3930 3033 3998 metropolis
3072 3928 3365 3983 Ptolemaeo
3418 3929 3637 3996 dicitur,

2057 4022 2199 4076 unde
2237 4017 2564 4074 Athanasius
2607 4013 2956 4069 Dracontium
2992 4012 3110 4083 ejus
3156 4012 3436 4082 praesulem
3479 4014 3640 4066 modo

2054 4107 2155 4176 τῆς
2203 4100 2598 4172 Ἀλεξανδρέων
2633 4097 2816 4169 χώρας
2870 4097 2985 4151 sive
3032 4098 3090 4148 ὲν
3138 4099 3202 4167 τῇ
3245 4095 3641 4167 Ἀλεξανδρέων

2056 4188 2229 4259 χώρᾳ,
2257 4196 2314 4240 ιιι
2337 4194 2470 4239 tom.
2500 4184 2551 4247 I,
2575 4197 2628 4252 p.
2645 4181 2774 4245 265,
2795 4180 2952 4235 modo
2984 4178 3396 4249 Ἐρμουπόλεως
3416 4180 3638 4249 μικρᾶς,

2057 4272 2218 4331 sicuti
2250 4271 2303 4325 in
2339 4268 2498 4341 epist.
2554 4268 2619 4321 ad
2655 4265 2983 4319 Antiochen.
3015 4279 3069 4333 p.
3105 4263 3228 4325 776,
3252 4273 3566 4331 nuncupat.

2131 4356 2273 4412 Ibid.
2321 4354 2710 4416 Μενελαΐτης.
2764 4347 2951 4402 Vicina
3009 4355 3126 4401 erat
3184 4345 3438 4407 Scliedia,
3498 4346 3641 4399 unde

2059 4440 2480 4512 Agathodtemon
2510 4435 2735 4507 Σχεδίας
2775 4434 2870 4486 καὶ
2905 4431 3238 4486 Μενελαττου
3270 4431 3557 4499 episcopus
3584 4431 3641 4483 in

2058 4528 2221 4595 epist.
2258 4520 2545 4577 Athanasii
2583 4519 2650 4573 ad
2680 4516 3006 4571 Antiochen.
3050 4513 3290 4581 Intellige
3327 4521 3507 4566 autem
3543 4527 3643 4564 no-

2059 4594 2205 4663 mum
2250 4604 2568 4660 Menelailcn
2605 4619 2618 4654 :
2670 4615 2798 4654 nam
2844 4598 2974 4653 urbs
3015 4597 3311 4660 Menelaus,
3372 4594 3415 4648 si
3462 4604 3643 4647 tamen

2062 4690 2247 4744 urbem
2275 4703 2395 4742 esse
2426 4687 2577 4748 velis,
2608 4682 2947 4739 Justinianus
2977 4681 3119 4736 Edit.
3149 4682 3234 4745 15,
3263 4696 3313 4736 c.
3350 4679 3415 4733 18
3441 4678 3643 4733 auxilio

2061 4771 2186 4824 erit.
2238 4768 2466 4823 Schedia
2518 4781 2685 4836 prope
2727 4766 2951 4817 Clizereu
3004 4765 3371 4823 mansionem,
3426 4761 3494 4815 de
3536 4775 3641 4826 qua

2060 4851 2188 4905 Itin.
2218 4851 2337 4903 Ant.
2361 4866 2410 4917 ῃ.
2438 4849 2560 4911 Ibi,
2589 4857 2726 4901 erat.
2748 4844 2930 4899 Schol.
2959 4844 3208 4897 Nicandri
3239 4844 3478 4896 Theriac.
3502 4842 3639 4895 6‘23:

2059 4934 2251 5005 Σχεδία
2296 4933 2351 4986 δὲ
2394 4932 2547 4994 πόλις
2579 4929 2885 4998 Αἰγύπτου,
2924 4927 3151 4996 πλησίον
3193 4928 3449 4995 Χαιρέου.
3491 4925 3642 4979 Adde

2062 5019 2095 5073 Ι.
2131 5020 2165 5073 5
2191 5016 2426 5072 Maccab.
2458 5030 2508 5071 c.
2551 5029 2623 5078 tv,
2667 5012 2757 5079 II,
2792 5011 2880 5066 ubi
2916 5009 3142 5064 Latinus
3174 5011 3441 5079 interpres
3473 5008 3640 5061 Sche—

2060 5103 2204 5157 diam
2236 5101 2417 5155 videre
2454 5114 2560 5152 non
2598 5097 2792 5166 potuit.

2131 5184 2262 5237 Ibid.
2327 5182 2611 5250 Μέτηλις.
2665 5179 2831 5233 llecte
2871 5177 2946 5232 L.
2999 5173 3335 5230 I'Iolsteinius
3383 5174 3635 5228 correxit.

2059 5269 2257 5322 Aberat
2295 5266 2437 5320 haud
2493 5265 2651 5333 longe
2682 5261 3008 5316 Alcxzmdria
3068 5259 3344 5327 Stephano
3392 5265 3639 5310 auctore.

2061 5352 2271 5406 Nummi
2293 5347 2696 5405 METIIAITQN
2726 5354 2849 5399 sunt
2884 5344 3026 5414 apud
3064 5342 3393 5396 IIarduinum
3425 5339 3635 5395 ctVaiI-

2061 5436 2304 5495 lantiunt,
2339 5449 2402 5487 ac
2425 5432 2711 5500 episcopus
2745 5428 3011 5483 Macarius
3036 5426 3354 5495 Μετηλιτῶν
3380 5426 3432 5479 in
3462 5425 3637 5494 Ephe-

2060 5519 2181 5571 sino
2206 5516 2435 5570 concilio
2466 5531 2517 5583 p.
2555 5514 2680 5568 551.

2133 5602 2264 5655 Ibid.
2307 5601 2551 5662 Βοῦτος.
2585 5597 2736 5650 Ilaud
2768 5597 2926 5665 longo
2972 5592 3256 5647 intervallo
3294 5593 3496 5644 semota
3535 5589 3644 5642 fuit.

2064 5688 2131 5743 ab
2171 5686 2311 5742 osuio
2339 5682 2683 5740 Scbcnnitico
2713 5721 2725 5745 ,
2761 5681 2941 5732 Βουτώ
2977 5693 3211 5749 quoque,
3242 5677 3313 5730 uti
3339 5672 3637 5746 Epiphanio
