  <div class='ocr_page' id='page_1' title='image "/cluster/home/n/w/nwhite01/storage/ocr_20150623/113/hvd.32044073502270/596.png"; bbox 0 0 3980 6210; ppageno 0'>
   <div class='ocr_carea' id='block_1_1' title="bbox 326 255 463 320">
    <p class='ocr_par' dir='ltr' id='par_1_1' title="bbox 326 255 463 320">
     <span class='ocr_line' id='line_1_1' title="bbox 326 255 463 320; baseline -0.015 0"><span class='ocrx_word' id='word_1_1' title='bbox 326 255 463 320; x_wconf 86' lang='grc'>1185</span> 
     </span>
    </p>
   </div>
   <div class='ocr_carea' id='block_1_2' title="bbox 327 372 1889 444">
    <p class='ocr_par' dir='ltr' id='par_1_2' title="bbox 327 372 1889 444">
     <span class='ocr_line' id='line_1_2' title="bbox 327 372 1889 444; baseline -0.001 -16"><span class='ocrx_word' id='word_1_2' title='bbox 327 373 486 444; x_wconf 81' lang='grc' dir='ltr'>βάθος</span> <span class='ocrx_word' id='word_1_3' title='bbox 523 373 839 440; x_wconf 80' lang='lat' dir='ltr'><strong>appellatus,</strong></span> <span class='ocrx_word' id='word_1_4' title='bbox 899 372 1139 440; x_wconf 76' lang='lat' dir='ltr'><strong>deﬁceret</strong></span> <span class='ocrx_word' id='word_1_5' title='bbox 1179 387 1390 443; x_wconf 82' lang='lat' dir='ltr'><strong>propter</strong></span> <span class='ocrx_word' id='word_1_6' title='bbox 1424 391 1572 444; x_wconf 73' lang='lat' dir='ltr'><strong>aqua!</strong></span> <span class='ocrx_word' id='word_1_7' title='bbox 1598 375 1889 442; x_wconf 76' lang='lat' dir='ltr'><strong>penuriam.</strong></span> 
     </span>
    </p>
   </div>
   <div class='ocr_carea' id='block_1_3' title="bbox 322 458 1892 527">
    <p class='ocr_par' dir='ltr' id='par_1_3' title="bbox 322 458 1892 527">
     <span class='ocr_line' id='line_1_3' title="bbox 322 458 1892 527; baseline -0.003 -13"><span class='ocrx_word' id='word_1_8' title='bbox 322 458 533 514; x_wconf 83' lang='lat' dir='ltr'><strong>Fefellit</strong></span> <span class='ocrx_word' id='word_1_9' title='bbox 564 459 836 512; x_wconf 76' lang='lat' dir='ltr'><strong>hominem</strong></span> <span class='ocrx_word' id='word_1_10' title='bbox 863 460 1141 514; x_wconf 83' lang='lat' dir='ltr'><strong>distinctio</strong></span> <span class='ocrx_word' id='word_1_11' title='bbox 1171 462 1307 512; x_wconf 85' lang='lat' dir='ltr'><strong>male</strong></span> <span class='ocrx_word' id='word_1_12' title='bbox 1337 464 1506 527; x_wconf 79' lang='lat' dir='ltr'><strong>pos&#39;ta</strong></span> <span class='ocrx_word' id='word_1_13' title='bbox 1543 480 1554 514; x_wconf 93' lang='lat'>:</span> <span class='ocrx_word' id='word_1_14' title='bbox 1599 461 1892 521; x_wconf 87' lang='lat' dir='ltr'><strong>debuerat,</strong></span> 
     </span>
    </p>
   </div>
   <div class='ocr_carea' id='block_1_4' title="bbox 321 540 1893 610">
    <p class='ocr_par' dir='ltr' id='par_1_4' title="bbox 321 540 1893 610">
     <span class='ocr_line' id='line_1_4' title="bbox 321 540 1893 610; baseline 0 -16"><span class='ocrx_word' id='word_1_15' title='bbox 321 560 439 595; x_wconf 85' lang='lat' dir='ltr'><strong>cum</strong></span> <span class='ocrx_word' id='word_1_16' title='bbox 472 544 642 604; x_wconf 81' lang='lat' dir='ltr'><strong>lacus,</strong></span> <span class='ocrx_word' id='word_1_17' title='bbox 685 540 866 595; x_wconf 75' lang='lat' dir='ltr'><strong>Maria</strong></span> <span class='ocrx_word' id='word_1_18' title='bbox 905 543 1099 606; x_wconf 82' lang='lat' dir='ltr'><strong>dictus,</strong></span> <span class='ocrx_word' id='word_1_19' title='bbox 1131 541 1422 610; x_wconf 71' lang='lat' dir='ltr'><strong>profundus</strong></span> <span class='ocrx_word' id='word_1_20' title='bbox 1464 559 1566 596; x_wconf 85' lang='lat' dir='ltr'><strong>non</strong></span> <span class='ocrx_word' id='word_1_21' title='bbox 1606 553 1757 595; x_wconf 83' lang='lat' dir='ltr'><strong>esset.</strong></span> <span class='ocrx_word' id='word_1_22' title='bbox 1795 542 1893 594; x_wconf 85' lang='lat' dir='ltr'><strong>Pa-</strong></span> 
     </span>
    </p>
   </div>
   <div class='ocr_carea' id='block_1_5' title="bbox 324 623 1902 692">
    <p class='ocr_par' dir='ltr' id='par_1_5' title="bbox 324 623 1902 692">
     <span class='ocr_line' id='line_1_5' title="bbox 324 623 1902 692; baseline 0.002 -16"><span class='ocrx_word' id='word_1_23' title='bbox 324 626 470 677; x_wconf 86' lang='lat' dir='ltr'><strong>tebat</strong></span> <span class='ocrx_word' id='word_1_24' title='bbox 502 625 667 687; x_wconf 90' lang='lat' dir='ltr'><strong>lacus,</strong></span> <span class='ocrx_word' id='word_1_25' title='bbox 699 641 859 692; x_wconf 81' lang='lat' dir='ltr'><strong>supra</strong></span> <span class='ocrx_word' id='word_1_26' title='bbox 888 640 1042 692; x_wconf 91' lang='lat' dir='ltr'><strong>quem</strong></span> <span class='ocrx_word' id='word_1_27' title='bbox 1070 623 1266 685; x_wconf 81' lang='lat' dir='ltr'><strong>Nitria,</strong></span> <span class='ocrx_word' id='word_1_28' title='bbox 1300 626 1578 678; x_wconf 81' lang='lat' dir='ltr'><strong>monachis</strong></span> <span class='ocrx_word' id='word_1_29' title='bbox 1605 625 1733 678; x_wconf 90' lang='lat' dir='ltr'><strong>olim</strong></span> <span class='ocrx_word' id='word_1_30' title='bbox 1757 625 1902 679; x_wconf 84' lang='lat' dir='ltr'><strong>cele-</strong></span> 
     </span>
    </p>
   </div>
   <div class='ocr_carea' id='block_1_6' title="bbox 324 705 1898 777">
    <p class='ocr_par' dir='ltr' id='par_1_6' title="bbox 324 705 1898 777">
     <span class='ocr_line' id='line_1_6' title="bbox 324 705 1898 777; baseline 0.002 -19"><span class='ocrx_word' id='word_1_31' title='bbox 324 707 554 759; x_wconf 86' lang='lat' dir='ltr'><strong>berrima</strong></span> <span class='ocrx_word' id='word_1_32' title='bbox 577 746 591 768; x_wconf 96' lang='lat'><strong>,</strong></span> <span class='ocrx_word' id='word_1_33' title='bbox 625 720 746 760; x_wconf 82' lang='lat' dir='ltr'><strong>sese</strong></span> <span class='ocrx_word' id='word_1_34' title='bbox 780 708 1117 777; x_wconf 74' lang='lat' dir='ltr'><strong>porrigebat,</strong></span> <span class='ocrx_word' id='word_1_35' title='bbox 1151 705 1220 759; x_wconf 82' lang='lat' dir='ltr'><strong>M.</strong></span> <span class='ocrx_word' id='word_1_36' title='bbox 1262 705 1320 758; x_wconf 86' lang='lat' dir='ltr'><strong>P.</strong></span> <span class='ocrx_word' id='word_1_37' title='bbox 1378 706 1446 759; x_wconf 85' lang='lat'><strong>70</strong></span> <span class='ocrx_word' id='word_1_38' title='bbox 1471 746 1487 768; x_wconf 94' lang='lat'><strong>,</strong></span> <span class='ocrx_word' id='word_1_39' title='bbox 1536 709 1580 758; x_wconf 89' lang='lat' dir='ltr'><strong>si</strong></span> <span class='ocrx_word' id='word_1_40' title='bbox 1626 707 1898 761; x_wconf 88' lang='lat' dir='ltr'><strong>Palladius</strong></span> 
     </span>
    </p>
   </div>
   <div class='ocr_carea' id='block_1_7' title="bbox 329 788 1900 843">
    <p class='ocr_par' dir='ltr' id='par_1_7' title="bbox 329 788 1900 843">
     <span class='ocr_line' id='line_1_7' title="bbox 329 788 1900 843; baseline 0.003 -5"><span class='ocrx_word' id='word_1_41' title='bbox 329 788 528 840; x_wconf 75' lang='lat' dir='ltr'><strong>&quot;ister.</strong></span> <span class='ocrx_word' id='word_1_42' title='bbox 569 788 849 842; x_wconf 75' lang='lat' dir='ltr'><strong>Lausiaca:</strong></span> <span class='ocrx_word' id='word_1_43' title='bbox 875 807 923 842; x_wconf 87' lang='lat' dir='ltr'><strong>c.</strong></span> <span class='ocrx_word' id='word_1_44' title='bbox 958 807 1008 842; x_wconf 79' lang='lat' dir='ltr'><strong>Ix</strong></span> <span class='ocrx_word' id='word_1_45' title='bbox 1043 806 1148 843; x_wconf 90' lang='lat' dir='ltr'><strong>non</strong></span> <span class='ocrx_word' id='word_1_46' title='bbox 1193 789 1330 842; x_wconf 76' lang='lat' dir='ltr'><strong>fallit</strong></span> <span class='ocrx_word' id='word_1_47' title='bbox 1367 807 1379 842; x_wconf 86' lang='lat'><strong>:</strong></span> <span class='ocrx_word' id='word_1_48' title='bbox 1435 805 1560 842; x_wconf 86' lang='lat' dir='ltr'><strong>nam</strong></span> <span class='ocrx_word' id='word_1_49' title='bbox 1609 789 1761 843; x_wconf 81' lang='lat' dir='ltr'><strong>aliter</strong></span> <span class='ocrx_word' id='word_1_50' title='bbox 1790 791 1900 843; x_wconf 86' lang='lat' dir='ltr'><strong>Pli-</strong></span> 
     </span>
    </p>
   </div>
   <div class='ocr_carea' id='block_1_8' title="bbox 325 869 1898 942">
    <p class='ocr_par' dir='ltr' id='par_1_8' title="bbox 325 869 1898 942">
     <span class='ocr_line' id='line_1_8' title="bbox 325 869 1898 942; baseline 0.002 -19"><span class='ocrx_word' id='word_1_51' title='bbox 325 873 444 924; x_wconf 83' lang='lat' dir='ltr'><strong>nius</strong></span> <span class='ocrx_word' id='word_1_52' title='bbox 481 869 553 923; x_wconf 87' lang='grc' dir='ltr'><strong>Ν.</strong></span> <span class='ocrx_word' id='word_1_53' title='bbox 617 872 686 924; x_wconf 84' lang='lat' dir='ltr'><strong>II.</strong></span> <span class='ocrx_word' id='word_1_54' title='bbox 721 889 772 935; x_wconf 81' lang='grc' dir='ltr'>ν,</span> <span class='ocrx_word' id='word_1_55' title='bbox 825 873 908 925; x_wconf 89' lang='lat' dir='ltr'><strong>IO.</strong></span> <span class='ocrx_word' id='word_1_56' title='bbox 938 873 1090 924; x_wconf 90' lang='lat' dir='ltr'><strong>Adde</strong></span> <span class='ocrx_word' id='word_1_57' title='bbox 1144 873 1430 942; x_wconf 78' lang='lat' dir='ltr'><strong>Evagrium</strong></span> <span class='ocrx_word' id='word_1_58' title='bbox 1488 882 1620 926; x_wconf 89' lang='lat' dir='ltr'><strong>tom.</strong></span> <span class='ocrx_word' id='word_1_59' title='bbox 1677 870 1741 923; x_wconf 90' lang='lat' dir='ltr'><strong>Ill</strong></span> <span class='ocrx_word' id='word_1_60' title='bbox 1786 873 1898 926; x_wconf 84' lang='grc' dir='ltr'><strong>Μο-</strong></span> 
     </span>
    </p>
   </div>
   <div class='ocr_carea' id='block_1_9' title="bbox 321 954 1896 1022">
    <p class='ocr_par' dir='ltr' id='par_1_9' title="bbox 321 954 1896 1022">
     <span class='ocr_line' id='line_1_9' title="bbox 321 954 1896 1022; baseline -0.001 -16"><span class='ocrx_word' id='word_1_61' title='bbox 321 966 557 1009; x_wconf 80' lang='lat' dir='ltr'><strong>nument.</strong></span> <span class='ocrx_word' id='word_1_62' title='bbox 593 954 842 1008; x_wconf 81' lang='lat' dir='ltr'><strong>Cotclerii</strong></span> <span class='ocrx_word' id='word_1_63' title='bbox 896 970 947 1022; x_wconf 88' lang='lat' dir='ltr'><strong>p.</strong></span> <span class='ocrx_word' id='word_1_64' title='bbox 1010 955 1104 1006; x_wconf 88' lang='grc'><strong>101</strong></span> <span class='ocrx_word' id='word_1_65' title='bbox 1140 965 1193 1008; x_wconf 91' lang='lat' dir='ltr'><strong>et</strong></span> <span class='ocrx_word' id='word_1_66' title='bbox 1233 955 1510 1008; x_wconf 84' lang='lat' dir='ltr'><strong>Philonem</strong></span> <span class='ocrx_word' id='word_1_67' title='bbox 1561 956 1615 1008; x_wconf 91' lang='lat' dir='ltr'><strong>in</strong></span> <span class='ocrx_word' id='word_1_68' title='bbox 1648 954 1896 1008; x_wconf 84' lang='lat' dir='ltr'><strong>Flaccum</strong></span> 
     </span>
    </p>
   </div>
   <div class='ocr_carea' id='block_1_10' title="bbox 321 1037 553 1103">
    <p class='ocr_par' dir='ltr' id='par_1_10' title="bbox 321 1037 553 1103">
     <span class='ocr_line' id='line_1_10' title="bbox 321 1037 553 1103; baseline 0.004 -14"><span class='ocrx_word' id='word_1_69' title='bbox 321 1053 374 1103; x_wconf 93' lang='lat' dir='ltr'><strong>p.</strong></span> <span class='ocrx_word' id='word_1_70' title='bbox 427 1037 553 1091; x_wconf 90' lang='grc'>971.</span> 
     </span>
    </p>
   </div>
   <div class='ocr_carea' id='block_1_11' title="bbox 390 1118 1899 1187">
    <p class='ocr_par' dir='ltr' id='par_1_11' title="bbox 390 1118 1899 1187">
     <span class='ocr_line' id='line_1_11' title="bbox 390 1118 1899 1187; baseline -0.001 -15"><span class='ocrx_word' id='word_1_71' title='bbox 390 1121 506 1174; x_wconf 76' lang='lat' dir='ltr'><strong>Col;</strong></span> <span class='ocrx_word' id='word_1_72' title='bbox 529 1120 650 1174; x_wconf 79' lang='lat' dir='ltr'><strong>l55.</strong></span> <span class='ocrx_word' id='word_1_73' title='bbox 666 1118 1005 1187; x_wconf 71' lang='grc' dir='ltr'>Ἐλεαρχιά.</span> <span class='ocrx_word' id='word_1_74' title='bbox 1023 1119 1328 1173; x_wconf 72' lang='lat' dir='ltr'><strong>Provincire</strong></span> <span class='ocrx_word' id='word_1_75' title='bbox 1345 1130 1434 1172; x_wconf 89' lang='lat' dir='ltr'><strong>aut</strong></span> <span class='ocrx_word' id='word_1_76' title='bbox 1448 1119 1688 1182; x_wconf 65' lang='lat' dir='ltr'><strong>regionis</strong></span> <span class='ocrx_word' id='word_1_77' title='bbox 1705 1134 1899 1172; x_wconf 89' lang='lat' dir='ltr'><strong>nomen</strong></span> 
     </span>
    </p>
   </div>
   <div class='ocr_carea' id='block_1_12' title="bbox 317 1200 1902 1271">
    <p class='ocr_par' dir='ltr' id='par_1_12' title="bbox 317 1200 1902 1271">
     <span class='ocr_line' id='line_1_12' title="bbox 317 1200 1902 1271; baseline -0.002 -20"><span class='ocrx_word' id='word_1_78' title='bbox 317 1211 422 1266; x_wconf 84' lang='lat' dir='ltr'><strong>est,</strong></span> <span class='ocrx_word' id='word_1_79' title='bbox 463 1205 561 1255; x_wconf 87' lang='lat' dir='ltr'><strong>etsi</strong></span> <span class='ocrx_word' id='word_1_80' title='bbox 626 1201 771 1253; x_wconf 72' lang='lat' dir='ltr'><strong>Isaac</strong></span> <span class='ocrx_word' id='word_1_81' title='bbox 839 1202 1155 1271; x_wconf 79' lang='grc' dir='ltr'>Ἑλεαρχῐας</span> <span class='ocrx_word' id='word_1_82' title='bbox 1234 1202 1285 1253; x_wconf 93' lang='lat' dir='ltr'><strong>in</strong></span> <span class='ocrx_word' id='word_1_83' title='bbox 1349 1203 1578 1254; x_wconf 92' lang='lat' dir='ltr'><strong>concilio</strong></span> <span class='ocrx_word' id='word_1_84' title='bbox 1633 1200 1902 1266; x_wconf 82' lang='lat' dir='ltr'><strong>Ephesino</strong></span> 
     </span>
    </p>
   </div>
   <div class='ocr_carea' id='block_1_13' title="bbox 320 1283 1898 1352">
    <p class='ocr_par' dir='ltr' id='par_1_13' title="bbox 320 1283 1898 1352">
     <span class='ocr_line' id='line_1_13' title="bbox 320 1283 1898 1352; baseline -0.001 -14"><span class='ocrx_word' id='word_1_85' title='bbox 320 1298 373 1352; x_wconf 70' lang='grc' dir='ltr'><strong>ιι.</strong></span> <span class='ocrx_word' id='word_1_86' title='bbox 419 1284 522 1338; x_wconf 73' lang='grc'><strong>459</strong></span> <span class='ocrx_word' id='word_1_87' title='bbox 560 1295 613 1336; x_wconf 91' lang='lat' dir='ltr'><strong>et</strong></span> <span class='ocrx_word' id='word_1_88' title='bbox 638 1283 968 1337; x_wconf 78' lang='lat' dir='ltr'><strong>Chalcedon.</strong></span> <span class='ocrx_word' id='word_1_89' title='bbox 1004 1299 1056 1351; x_wconf 91' lang='lat' dir='ltr'><strong>p.</strong></span> <span class='ocrx_word' id='word_1_90' title='bbox 1098 1284 1196 1336; x_wconf 72' lang='grc'>127</span> <span class='ocrx_word' id='word_1_91' title='bbox 1231 1293 1560 1338; x_wconf 87' lang='lat' dir='ltr'><strong>memoretur</strong></span> <span class='ocrx_word' id='word_1_92' title='bbox 1599 1302 1612 1338; x_wconf 89' lang='lat'><strong>:</strong></span> <span class='ocrx_word' id='word_1_93' title='bbox 1643 1285 1732 1338; x_wconf 88' lang='lat' dir='ltr'><strong>ille</strong></span> <span class='ocrx_word' id='word_1_94' title='bbox 1755 1285 1898 1338; x_wconf 91' lang='lat' dir='ltr'><strong>enim</strong></span> 
     </span>
    </p>
   </div>
   <div class='ocr_carea' id='block_1_14' title="bbox 326 1367 1899 1438">
    <p class='ocr_par' dir='ltr' id='par_1_14' title="bbox 326 1367 1899 1438">
     <span class='ocr_line' id='line_1_14' title="bbox 326 1367 1899 1438; baseline 0.001 -20"><span class='ocrx_word' id='word_1_95' title='bbox 326 1377 419 1420; x_wconf 87' lang='lat' dir='ltr'><strong>aut</strong></span> <span class='ocrx_word' id='word_1_96' title='bbox 458 1367 858 1421; x_wconf 88' lang='lat' dir='ltr'><strong>Paclmcmuuis</strong></span> <span class='ocrx_word' id='word_1_97' title='bbox 893 1377 986 1419; x_wconf 92' lang='lat' dir='ltr'><strong>aut</strong></span> <span class='ocrx_word' id='word_1_98' title='bbox 1024 1367 1344 1438; x_wconf 83' lang='lat' dir='ltr'><strong>Phragonis,</strong></span> <span class='ocrx_word' id='word_1_99' title='bbox 1401 1382 1521 1436; x_wconf 71' lang='lat' dir='ltr'><strong>qua:</strong></span> <span class='ocrx_word' id='word_1_100' title='bbox 1567 1377 1796 1436; x_wconf 89' lang='lat' dir='ltr'><strong>utraque</strong></span> <span class='ocrx_word' id='word_1_101' title='bbox 1849 1369 1899 1421; x_wconf 92' lang='lat' dir='ltr'><strong>in</strong></span> 
     </span>
    </p>
   </div>
   <div class='ocr_carea' id='block_1_15' title="bbox 322 1451 1901 1522">
    <p class='ocr_par' dir='ltr' id='par_1_15' title="bbox 322 1451 1901 1522">
     <span class='ocr_line' id='line_1_15' title="bbox 322 1451 1901 1522; baseline 0 -18"><span class='ocrx_word' id='word_1_102' title='bbox 322 1451 607 1505; x_wconf 88' lang='lat' dir='ltr'><strong>Elearchia</strong></span> <span class='ocrx_word' id='word_1_103' title='bbox 638 1453 820 1505; x_wconf 90' lang='lat' dir='ltr'><strong>sedem</strong></span> <span class='ocrx_word' id='word_1_104' title='bbox 851 1451 1063 1518; x_wconf 90' lang='lat' dir='ltr'><strong>habuit,</strong></span> <span class='ocrx_word' id='word_1_105' title='bbox 1111 1453 1340 1506; x_wconf 87' lang='lat' dir='ltr'><strong>antistes</strong></span> <span class='ocrx_word' id='word_1_106' title='bbox 1371 1451 1491 1505; x_wconf 80' lang='lat' dir='ltr'><strong>fuit.</strong></span> <span class='ocrx_word' id='word_1_107' title='bbox 1537 1452 1650 1506; x_wconf 90' lang='lat' dir='ltr'><strong>Sita</strong></span> <span class='ocrx_word' id='word_1_108' title='bbox 1679 1453 1901 1522; x_wconf 85' lang='lat' dir='ltr'><strong>provin-</strong></span> 
     </span>
    </p>
   </div>
   <div class='ocr_carea' id='block_1_16' title="bbox 319 1534 1903 1604">
    <p class='ocr_par' dir='ltr' id='par_1_16' title="bbox 319 1534 1903 1604">
     <span class='ocr_line' id='line_1_16' title="bbox 319 1534 1903 1604; baseline 0.003 -17"><span class='ocrx_word' id='word_1_109' title='bbox 319 1536 400 1588; x_wconf 88' lang='lat' dir='ltr'><strong>cia</strong></span> <span class='ocrx_word' id='word_1_110' title='bbox 431 1536 546 1587; x_wconf 82' lang='lat' dir='ltr'><strong>sive</strong></span> <span class='ocrx_word' id='word_1_111' title='bbox 573 1550 634 1587; x_wconf 86' lang='lat' dir='ltr'><strong>ea</strong></span> <span class='ocrx_word' id='word_1_112' title='bbox 670 1534 817 1602; x_wconf 82' lang='lat' dir='ltr'><strong>regio</strong></span> <span class='ocrx_word' id='word_1_113' title='bbox 851 1544 968 1588; x_wconf 86' lang='lat' dir='ltr'><strong>erat</strong></span> <span class='ocrx_word' id='word_1_114' title='bbox 1017 1535 1156 1588; x_wconf 89' lang='lat' dir='ltr'><strong>inter</strong></span> <span class='ocrx_word' id='word_1_115' title='bbox 1198 1537 1334 1590; x_wconf 85' lang='lat' dir='ltr'><strong>ostia</strong></span> <span class='ocrx_word' id='word_1_116' title='bbox 1391 1535 1814 1604; x_wconf 85' lang='lat' dir='ltr'><strong>Sebennyticum</strong></span> <span class='ocrx_word' id='word_1_117' title='bbox 1849 1547 1903 1591; x_wconf 89' lang='lat' dir='ltr'><strong>et</strong></span> 
     </span>
    </p>
   </div>
   <div class='ocr_carea' id='block_1_17' title="bbox 321 1615 1898 1685">
    <p class='ocr_par' dir='ltr' id='par_1_17' title="bbox 321 1615 1898 1685">
     <span class='ocr_line' id='line_1_17' title="bbox 321 1615 1898 1685; baseline 0.001 -17"><span class='ocrx_word' id='word_1_118' title='bbox 321 1615 640 1670; x_wconf 85' lang='lat' dir='ltr'><strong>Phatnicum</strong></span> <span class='ocrx_word' id='word_1_119' title='bbox 674 1635 688 1670; x_wconf 88' lang='lat'><strong>:</strong></span> <span class='ocrx_word' id='word_1_120' title='bbox 723 1617 885 1685; x_wconf 83' lang='lat' dir='ltr'><strong>priori</strong></span> <span class='ocrx_word' id='word_1_121' title='bbox 924 1617 1155 1671; x_wconf 82' lang='lat' dir='ltr'><strong>vicinam</strong></span> <span class='ocrx_word' id='word_1_122' title='bbox 1185 1617 1352 1671; x_wconf 68' lang='lat' dir='ltr'><strong>fuisse</strong></span> <span class='ocrx_word' id='word_1_123' title='bbox 1395 1632 1463 1671; x_wconf 79' lang='lat' dir='ltr'><strong>ex</strong></span> <span class='ocrx_word' id='word_1_124' title='bbox 1493 1617 1782 1672; x_wconf 66' lang='lat' dir='ltr'><strong>Ptolomaeo</strong></span> <span class='ocrx_word' id='word_1_125' title='bbox 1823 1634 1898 1681; x_wconf 84' lang='lat' dir='ltr'><strong>IV,</strong></span> 
     </span>
    </p>
   </div>
   <div class='ocr_carea' id='block_1_18' title="bbox 318 1699 1897 1770">
    <p class='ocr_par' dir='ltr' id='par_1_18' title="bbox 318 1699 1897 1770">
     <span class='ocr_line' id='line_1_18' title="bbox 318 1699 1897 1770; baseline 0.003 -18"><span class='ocrx_word' id='word_1_126' title='bbox 318 1700 372 1762; x_wconf 84' lang='lat'><strong>5,</strong></span> <span class='ocrx_word' id='word_1_127' title='bbox 406 1701 692 1768; x_wconf 81' lang='lat' dir='ltr'><strong>posteriori</strong></span> <span class='ocrx_word' id='word_1_128' title='bbox 756 1716 820 1754; x_wconf 78' lang='lat' dir='ltr'><strong>ex</strong></span> <span class='ocrx_word' id='word_1_129' title='bbox 868 1699 1099 1755; x_wconf 88' lang='lat' dir='ltr'><strong>Diodoro</strong></span> <span class='ocrx_word' id='word_1_130' title='bbox 1160 1701 1229 1754; x_wconf 74' lang='lat'><strong>28</strong></span> <span class='ocrx_word' id='word_1_131' title='bbox 1272 1717 1327 1770; x_wconf 92' lang='lat' dir='ltr'><strong>p.</strong></span> <span class='ocrx_word' id='word_1_132' title='bbox 1372 1699 1474 1754; x_wconf 78' lang='lat'><strong>806</strong></span> <span class='ocrx_word' id='word_1_133' title='bbox 1505 1710 1750 1770; x_wconf 89' lang='lat' dir='ltr'><strong>apertum</strong></span> <span class='ocrx_word' id='word_1_134' title='bbox 1794 1715 1897 1756; x_wconf 91' lang='lat' dir='ltr'><strong>est.</strong></span> 
     </span>
    </p>
   </div>
   <div class='ocr_carea' id='block_1_19' title="bbox 316 1781 1900 1854">
    <p class='ocr_par' dir='ltr' id='par_1_19' title="bbox 316 1781 1900 1854">
     <span class='ocr_line' id='line_1_19' title="bbox 316 1781 1900 1854; baseline 0.004 -20"><span class='ocrx_word' id='word_1_135' title='bbox 316 1782 523 1838; x_wconf 85' lang='lat' dir='ltr'><strong>Nomen</strong></span> <span class='ocrx_word' id='word_1_136' title='bbox 556 1784 760 1851; x_wconf 88' lang='lat' dir='ltr'><strong>accepit</strong></span> <span class='ocrx_word' id='word_1_137' title='bbox 791 1800 820 1837; x_wconf 94' lang='lat' dir='ltr'><strong>a</strong></span> <span class='ocrx_word' id='word_1_138' title='bbox 854 1781 1164 1853; x_wconf 83' lang='lat' dir='ltr'><strong>paludibus,</strong></span> <span class='ocrx_word' id='word_1_139' title='bbox 1203 1800 1324 1854; x_wconf 69' lang='lat' dir='ltr'><strong>quae</strong></span> <span class='ocrx_word' id='word_1_140' title='bbox 1353 1784 1425 1838; x_wconf 83' lang='lat' dir='ltr'><strong>ibi</strong></span> <span class='ocrx_word' id='word_1_141' title='bbox 1452 1786 1716 1852; x_wconf 67' lang='lat' dir='ltr'><strong>plurimm.</strong></span> <span class='ocrx_word' id='word_1_142' title='bbox 1751 1785 1900 1840; x_wconf 83' lang='lat' dir='ltr'><strong>Tint-</strong></span> 
     </span>
    </p>
   </div>
   <div class='ocr_carea' id='block_1_20' title="bbox 318 1867 1898 1937">
    <p class='ocr_par' dir='ltr' id='par_1_20' title="bbox 318 1867 1898 1937">
     <span class='ocr_line' id='line_1_20' title="bbox 318 1867 1898 1937; baseline 0.004 -22"><span class='ocrx_word' id='word_1_143' title='bbox 318 1867 536 1936; x_wconf 80' lang='lat' dir='ltr'><strong>cydides</strong></span> <span class='ocrx_word' id='word_1_144' title='bbox 559 1883 594 1930; x_wconf 84' lang='grc' dir='ltr'>ι,</span> <span class='ocrx_word' id='word_1_145' title='bbox 621 1867 1031 1934; x_wconf 73' lang='grc' dir='ltr'>110;Λί’γυπτος</span> <span class='ocrx_word' id='word_1_146' title='bbox 1053 1867 1108 1920; x_wconf 83' lang='grc' dir='ltr'>δὲ</span> <span class='ocrx_word' id='word_1_147' title='bbox 1128 1868 1286 1921; x_wconf 86' lang='grc' dir='ltr'>πάλιν</span> <span class='ocrx_word' id='word_1_148' title='bbox 1314 1867 1419 1920; x_wconf 77' lang='grc' dir='ltr'>ὑπὸ</span> <span class='ocrx_word' id='word_1_149' title='bbox 1433 1867 1644 1937; x_wconf 79' lang='grc' dir='ltr'>βασιλεῖ</span> <span class='ocrx_word' id='word_1_150' title='bbox 1659 1870 1898 1935; x_wconf 73' lang='grc' dir='ltr'>ἐγένετο,</span> 
     </span>
    </p>
   </div>
   <div class='ocr_carea' id='block_1_21' title="bbox 319 1948 1901 2020">
    <p class='ocr_par' dir='ltr' id='par_1_21' title="bbox 319 1948 1901 2020">
     <span class='ocr_line' id='line_1_21' title="bbox 319 1948 1901 2020; baseline 0.005 -21"><span class='ocrx_word' id='word_1_151' title='bbox 319 1948 457 2018; x_wconf 85' lang='grc' dir='ltr'>πλὴν</span> <span class='ocrx_word' id='word_1_152' title='bbox 493 1949 821 2019; x_wconf 84' lang='grc' dir='ltr'>’Λμυρταίου</span> <span class='ocrx_word' id='word_1_153' title='bbox 837 1949 933 2004; x_wconf 79' lang='grc' dir='ltr'>τοῦ</span> <span class='ocrx_word' id='word_1_154' title='bbox 961 1951 1018 2003; x_wconf 75' lang='grc' dir='ltr'>ἐν</span> <span class='ocrx_word' id='word_1_155' title='bbox 1049 1953 1163 2014; x_wconf 84' lang='grc' dir='ltr'>τοῖς</span> <span class='ocrx_word' id='word_1_156' title='bbox 1206 1951 1353 2004; x_wconf 73' lang='grc' dir='ltr'>ἕλεσι</span> <span class='ocrx_word' id='word_1_157' title='bbox 1380 1951 1662 2020; x_wconf 80' lang='grc' dir='ltr'>βασιλέως.</span> <span class='ocrx_word' id='word_1_158' title='bbox 1700 1952 1901 2007; x_wconf 80' lang='grc' dir='ltr'>Τοῦτον</span> 
     </span>
    </p>
   </div>
   <div class='ocr_carea' id='block_1_22' title="bbox 316 2031 1899 2100">
    <p class='ocr_par' dir='ltr' id='par_1_22' title="bbox 316 2031 1899 2100">
     <span class='ocr_line' id='line_1_22' title="bbox 316 2031 1899 2100; baseline 0.004 -17"><span class='ocrx_word' id='word_1_159' title='bbox 316 2032 370 2083; x_wconf 79' lang='grc' dir='ltr'>δὲ</span> <span class='ocrx_word' id='word_1_160' title='bbox 404 2031 492 2084; x_wconf 85' lang='grc' dir='ltr'>διὰ</span> <span class='ocrx_word' id='word_1_161' title='bbox 529 2033 758 2100; x_wconf 86' lang='grc' dir='ltr'>μέγεθός</span> <span class='ocrx_word' id='word_1_162' title='bbox 814 2051 874 2086; x_wconf 84' lang='grc' dir='ltr'><strong>τε</strong></span> <span class='ocrx_word' id='word_1_163' title='bbox 925 2033 1020 2087; x_wconf 83' lang='grc' dir='ltr'>τοῦ</span> <span class='ocrx_word' id='word_1_164' title='bbox 1073 2035 1227 2098; x_wconf 77' lang='grc' dir='ltr'>ἕλους</span> <span class='ocrx_word' id='word_1_165' title='bbox 1276 2037 1374 2089; x_wconf 87' lang='grc' dir='ltr'><strong>οὐκ</strong></span> <span class='ocrx_word' id='word_1_166' title='bbox 1429 2036 1685 2089; x_wconf 75' lang='grc' dir='ltr'><strong>ἐδύναντο</strong></span> <span class='ocrx_word' id='word_1_167' title='bbox 1739 2038 1899 2100; x_wconf 79' lang='grc' dir='ltr'>ἑλεῖν,</span> 
     </span>
    </p>
   </div>
   <div class='ocr_carea' id='block_1_23' title="bbox 318 2113 1900 2186">
    <p class='ocr_par' dir='ltr' id='par_1_23' title="bbox 318 2113 1900 2186">
     <span class='ocr_line' id='line_1_23' title="bbox 318 2113 1900 2186; baseline 0.004 -21"><span class='ocrx_word' id='word_1_168' title='bbox 318 2115 412 2166; x_wconf 79' lang='grc' dir='ltr'>καὶ</span> <span class='ocrx_word' id='word_1_169' title='bbox 474 2113 593 2183; x_wconf 76' lang='grc' dir='ltr'><strong>ἅμα</strong></span> <span class='ocrx_word' id='word_1_170' title='bbox 682 2117 1062 2185; x_wconf 78' lang='grc' dir='ltr'>μαχιμώτατοί</span> <span class='ocrx_word' id='word_1_171' title='bbox 1148 2120 1254 2170; x_wconf 87' lang='grc' dir='ltr'>είσι</span> <span class='ocrx_word' id='word_1_172' title='bbox 1313 2119 1420 2170; x_wconf 84' lang='grc' dir='ltr'><strong>τῶν</strong></span> <span class='ocrx_word' id='word_1_173' title='bbox 1473 2119 1788 2186; x_wconf 81' lang='grc' dir='ltr'><strong>Αἰγυπτίων</strong></span> <span class='ocrx_word' id='word_1_174' title='bbox 1852 2123 1900 2172; x_wconf 83' lang='lat' dir='ltr'><strong>oi</strong></span> 
     </span>
    </p>
   </div>
   <div class='ocr_carea' id='block_1_24' title="bbox 318 2195 1901 2266">
    <p class='ocr_par' dir='ltr' id='par_1_24' title="bbox 318 2195 1901 2266">
     <span class='ocr_line' id='line_1_24' title="bbox 318 2195 1901 2266; baseline 0.006 -19"><span class='ocrx_word' id='word_1_175' title='bbox 318 2195 502 2251; x_wconf 77' lang='grc' dir='ltr'>ἕλειοι.</span> <span class='ocrx_word' id='word_1_176' title='bbox 548 2198 697 2250; x_wconf 90' lang='lat' dir='ltr'><strong>Adde</strong></span> <span class='ocrx_word' id='word_1_177' title='bbox 727 2198 1060 2253; x_wconf 83' lang='lat' dir='ltr'><strong>Herodotum</strong></span> <span class='ocrx_word' id='word_1_178' title='bbox 1121 2215 1182 2262; x_wconf 87' lang='lat' dir='ltr'><strong>II,</strong></span> <span class='ocrx_word' id='word_1_179' title='bbox 1219 2200 1340 2254; x_wconf 75' lang='lat' dir='ltr'><strong>l52.</strong></span> <span class='ocrx_word' id='word_1_180' title='bbox 1396 2200 1525 2266; x_wconf 67' lang='lat' dir='ltr'><strong>Quae</strong></span> <span class='ocrx_word' id='word_1_181' title='bbox 1571 2204 1752 2256; x_wconf 90' lang='lat' dir='ltr'><strong>omnia</strong></span> <span class='ocrx_word' id='word_1_182' title='bbox 1780 2219 1901 2257; x_wconf 91' lang='lat' dir='ltr'><strong>cum</strong></span> 
     </span>
    </p>
   </div>
   <div class='ocr_carea' id='block_1_25' title="bbox 320 2279 1903 2352">
    <p class='ocr_par' dir='ltr' id='par_1_25' title="bbox 320 2279 1903 2352">
     <span class='ocr_line' id='line_1_25' title="bbox 320 2279 1903 2352; baseline 0.006 -22"><span class='ocrx_word' id='word_1_183' title='bbox 320 2279 438 2334; x_wconf 89' lang='lat' dir='ltr'><strong>illas</strong></span> <span class='ocrx_word' id='word_1_184' title='bbox 461 2279 703 2347; x_wconf 87' lang='lat' dir='ltr'><strong>paludes,</strong></span> <span class='ocrx_word' id='word_1_185' title='bbox 727 2281 795 2332; x_wconf 77' lang='grc' dir='ltr'>τὰ</span> <span class='ocrx_word' id='word_1_186' title='bbox 812 2280 930 2351; x_wconf 75' lang='grc' dir='ltr'>ἕλη,</span> <span class='ocrx_word' id='word_1_187' title='bbox 959 2283 1010 2336; x_wconf 91' lang='lat' dir='ltr'><strong>in</strong></span> <span class='ocrx_word' id='word_1_188' title='bbox 1040 2291 1222 2352; x_wconf 91' lang='lat' dir='ltr'><strong>aperta</strong></span> <span class='ocrx_word' id='word_1_189' title='bbox 1249 2283 1367 2337; x_wconf 91' lang='lat' dir='ltr'><strong>luce</strong></span> <span class='ocrx_word' id='word_1_190' title='bbox 1388 2293 1609 2352; x_wconf 89' lang='lat' dir='ltr'><strong>ponant,</strong></span> <span class='ocrx_word' id='word_1_191' title='bbox 1633 2286 1903 2340; x_wconf 82' lang='lat' dir='ltr'><strong>mirabere</strong></span> 
     </span>
    </p>
   </div>
   <div class='ocr_carea' id='block_1_26' title="bbox 321 2365 1900 2441">
    <p class='ocr_par' dir='ltr' id='par_1_26' title="bbox 321 2365 1900 2441">
     <span class='ocr_line' id='line_1_26' title="bbox 321 2365 1900 2441; baseline 0.008 -26"><span class='ocrx_word' id='word_1_192' title='bbox 321 2365 452 2418; x_wconf 87' lang='lat' dir='ltr'><strong>viris</strong></span> <span class='ocrx_word' id='word_1_193' title='bbox 498 2366 805 2421; x_wconf 87' lang='lat' dir='ltr'><strong>eruditione</strong></span> <span class='ocrx_word' id='word_1_194' title='bbox 853 2370 1228 2424; x_wconf 89' lang='lat' dir='ltr'><strong>celeberrimis</strong></span> <span class='ocrx_word' id='word_1_195' title='bbox 1283 2385 1656 2439; x_wconf 67' lang='lat' dir='ltr'><strong>saepenumero</strong></span> <span class='ocrx_word' id='word_1_196' title='bbox 1711 2388 1900 2441; x_wconf 87' lang='lat' dir='ltr'><strong>parum</strong></span> 
     </span>
    </p>
   </div>
   <div class='ocr_carea' id='block_1_27' title="bbox 320 2447 1901 2523">
    <p class='ocr_par' dir='ltr' id='par_1_27' title="bbox 320 2447 1901 2523">
     <span class='ocr_line' id='line_1_27' title="bbox 320 2447 1901 2523; baseline 0.006 -24"><span class='ocrx_word' id='word_1_197' title='bbox 320 2447 726 2504; x_wconf 81' lang='lat' dir='ltr'><strong>animadversas</strong></span> <span class='ocrx_word' id='word_1_198' title='bbox 783 2450 1056 2519; x_wconf 80' lang='lat' dir='ltr'><strong>negotium</strong></span> <span class='ocrx_word' id='word_1_199' title='bbox 1109 2449 1452 2506; x_wconf 69' lang='lat' dir='ltr'><strong>{arcessivisse</strong></span> <span class='ocrx_word' id='word_1_200' title='bbox 1493 2492 1508 2517; x_wconf 90' lang='lat'><strong>,</strong></span> <span class='ocrx_word' id='word_1_201' title='bbox 1565 2453 1901 2523; x_wconf 89' lang='lat' dir='ltr'><strong>solidamque</strong></span> 
     </span>
    </p>
   </div>
   <div class='ocr_carea' id='block_1_28' title="bbox 321 2527 1901 2600">
    <p class='ocr_par' dir='ltr' id='par_1_28' title="bbox 321 2527 1901 2600">
     <span class='ocr_line' id='line_1_28' title="bbox 321 2527 1901 2600; baseline 0.007 -20"><span class='ocrx_word' id='word_1_202' title='bbox 321 2527 456 2581; x_wconf 87' lang='lat' dir='ltr'><strong>adeo</strong></span> <span class='ocrx_word' id='word_1_203' title='bbox 489 2530 858 2586; x_wconf 88' lang='lat' dir='ltr'><strong>restitutarum</strong></span> <span class='ocrx_word' id='word_1_204' title='bbox 886 2531 1110 2600; x_wconf 84' lang='lat' dir='ltr'><strong>gloriam</strong></span> <span class='ocrx_word' id='word_1_205' title='bbox 1139 2532 1544 2587; x_wconf 83' lang='lat' dir='ltr'><strong>llemsterhusio</strong></span> <span class='ocrx_word' id='word_1_206' title='bbox 1566 2545 1750 2588; x_wconf 91' lang='lat' dir='ltr'><strong>nostro</strong></span> <span class='ocrx_word' id='word_1_207' title='bbox 1781 2552 1901 2591; x_wconf 90' lang='lat' dir='ltr'><strong>esse</strong></span> 
     </span>
    </p>
   </div>
   <div class='ocr_carea' id='block_1_29' title="bbox 322 2609 1897 2688">
    <p class='ocr_par' dir='ltr' id='par_1_29' title="bbox 322 2609 1897 2688">
     <span class='ocr_line' id='line_1_29' title="bbox 322 2609 1897 2688; baseline 0.006 -26"><span class='ocrx_word' id='word_1_208' title='bbox 322 2609 563 2663; x_wconf 83' lang='lat' dir='ltr'><strong>relictam</strong></span> <span class='ocrx_word' id='word_1_209' title='bbox 593 2627 607 2664; x_wconf 89' lang='lat'>:</span> <span class='ocrx_word' id='word_1_210' title='bbox 636 2614 758 2680; x_wconf 84' lang='lat' dir='ltr'><strong>quis</strong></span> <span class='ocrx_word' id='word_1_211' title='bbox 786 2615 928 2667; x_wconf 91' lang='lat' dir='ltr'><strong>enim</strong></span> <span class='ocrx_word' id='word_1_212' title='bbox 963 2614 1288 2668; x_wconf 85' lang='lat' dir='ltr'><strong>dubitaverit</strong></span> <span class='ocrx_word' id='word_1_213' title='bbox 1312 2617 1441 2684; x_wconf 88' lang='lat' dir='ltr'><strong>quin</strong></span> <span class='ocrx_word' id='word_1_214' title='bbox 1469 2617 1520 2669; x_wconf 91' lang='lat' dir='ltr'><strong>in</strong></span> <span class='ocrx_word' id='word_1_215' title='bbox 1555 2617 1636 2670; x_wconf 90' lang='lat' dir='ltr'><strong>his</strong></span> <span class='ocrx_word' id='word_1_216' title='bbox 1668 2617 1897 2688; x_wconf 69' lang='lat' dir='ltr'><strong>Polymui</strong></span> 
     </span>
    </p>
   </div>
   <div class='ocr_carea' id='block_1_30' title="bbox 322 2691 1900 2766">
    <p class='ocr_par' dir='ltr' id='par_1_30' title="bbox 322 2691 1900 2766">
     <span class='ocr_line' id='line_1_30' title="bbox 322 2691 1900 2766; baseline 0.006 -20"><span class='ocrx_word' id='word_1_217' title='bbox 322 2691 563 2763; x_wconf 82' lang='lat' dir='ltr'><strong>Stratag.</strong></span> <span class='ocrx_word' id='word_1_218' title='bbox 599 2710 660 2758; x_wconf 89' lang='lat' dir='ltr'><strong>II,</strong></span> <span class='ocrx_word' id='word_1_219' title='bbox 692 2695 756 2749; x_wconf 85' lang='grc'><strong>16</strong></span> <span class='ocrx_word' id='word_1_220' title='bbox 809 2697 1023 2766; x_wconf 66' lang='grc' dir='ltr'>κρύψας</span> <span class='ocrx_word' id='word_1_221' title='bbox 1059 2697 1116 2750; x_wconf 86' lang='grc' dir='ltr'>δὲ</span> <span class='ocrx_word' id='word_1_222' title='bbox 1173 2699 1296 2760; x_wconf 79' lang='grc' dir='ltr'>τοὺς</span> <span class='ocrx_word' id='word_1_223' title='bbox 1327 2701 1656 2766; x_wconf 83' lang='grc' dir='ltr'>Αἰγυπτίους</span> <span class='ocrx_word' id='word_1_224' title='bbox 1692 2703 1748 2755; x_wconf 81' lang='grc' dir='ltr'>ἐν</span> <span class='ocrx_word' id='word_1_225' title='bbox 1788 2705 1900 2765; x_wconf 88' lang='grc' dir='ltr'>τοῖς</span> 
     </span>
    </p>
   </div>
   <div class='ocr_carea' id='block_1_31' title="bbox 321 2777 1900 2856">
    <p class='ocr_par' dir='ltr' id='par_1_31' title="bbox 321 2777 1900 2856">
     <span class='ocr_line' id='line_1_31' title="bbox 321 2777 1900 2856; baseline 0.006 -26"><span class='ocrx_word' id='word_1_226' title='bbox 321 2777 572 2845; x_wconf 86' lang='grc' dir='ltr'>Ἕλλησι,</span> <span class='ocrx_word' id='word_1_227' title='bbox 606 2781 924 2847; x_wconf 72' lang='grc' dir='ltr'>παρατάξας</span> <span class='ocrx_word' id='word_1_228' title='bbox 954 2783 1163 2851; x_wconf 82' lang='grc' dir='ltr'>προῆγε</span> <span class='ocrx_word' id='word_1_229' title='bbox 1201 2782 1327 2846; x_wconf 76' lang='grc' dir='ltr'>τοὺς</span> <span class='ocrx_word' id='word_1_230' title='bbox 1362 2785 1658 2852; x_wconf 75' lang='grc' dir='ltr'>Ἕλληνας,</span> <span class='ocrx_word' id='word_1_231' title='bbox 1691 2788 1789 2856; x_wconf 78' lang='lat' dir='ltr'><strong>legi</strong></span> <span class='ocrx_word' id='word_1_232' title='bbox 1843 2790 1900 2840; x_wconf 82' lang='grc' dir='ltr'>ὲν</span> 
     </span>
    </p>
   </div>
   <div class='ocr_carea' id='block_1_32' title="bbox 321 2862 1898 2934">
    <p class='ocr_par' dir='ltr' id='par_1_32' title="bbox 321 2862 1898 2934">
     <span class='ocr_line' id='line_1_32' title="bbox 321 2862 1898 2934; baseline 0.008 -23"><span class='ocrx_word' id='word_1_233' title='bbox 321 2864 434 2924; x_wconf 86' lang='grc' dir='ltr'>τοῖς</span> <span class='ocrx_word' id='word_1_234' title='bbox 465 2862 610 2915; x_wconf 74' lang='grc' dir='ltr'>ἕλεσι</span> <span class='ocrx_word' id='word_1_235' title='bbox 639 2874 886 2930; x_wconf 81' lang='lat' dir='ltr'><strong>oporteat</strong></span> <span class='ocrx_word' id='word_1_236' title='bbox 915 2865 1056 2918; x_wconf 87' lang='lat' dir='ltr'><strong>?aut</strong></span> <span class='ocrx_word' id='word_1_237' title='bbox 1081 2866 1315 2934; x_wconf 87' lang='lat' dir='ltr'><strong>ambigat</strong></span> <span class='ocrx_word' id='word_1_238' title='bbox 1353 2867 1643 2921; x_wconf 83' lang='lat' dir='ltr'><strong>Aristidem</strong></span> <span class='ocrx_word' id='word_1_239' title='bbox 1679 2879 1810 2923; x_wconf 90' lang='lat' dir='ltr'><strong>tom.</strong></span> <span class='ocrx_word' id='word_1_240' title='bbox 1841 2887 1898 2924; x_wconf 87' lang='lat' dir='ltr'><strong>Ill</strong></span> 
     </span>
    </p>
   </div>
   <div class='ocr_carea' id='block_1_33' title="bbox 319 2944 1896 3021">
    <p class='ocr_par' dir='ltr' id='par_1_33' title="bbox 319 2944 1896 3021">
     <span class='ocr_line' id='line_1_33' title="bbox 319 2944 1896 3021; baseline 0.006 -27"><span class='ocrx_word' id='word_1_241' title='bbox 319 2958 371 3010; x_wconf 91' lang='lat' dir='ltr'><strong>p.</strong></span> <span class='ocrx_word' id='word_1_242' title='bbox 416 2944 515 2998; x_wconf 82' lang='grc'>591</span> <span class='ocrx_word' id='word_1_243' title='bbox 549 2945 766 3000; x_wconf 86' lang='lat' dir='ltr'><strong>dedisse</strong></span> <span class='ocrx_word' id='word_1_244' title='bbox 798 2949 894 3016; x_wconf 79' lang='grc' dir='ltr'>ἦτε</span> <span class='ocrx_word' id='word_1_245' title='bbox 926 2947 1035 3018; x_wconf 73' lang='grc' dir='ltr'><strong>γὰρ</strong></span> <span class='ocrx_word' id='word_1_246' title='bbox 1068 2947 1320 3015; x_wconf 79' lang='grc' dir='ltr'><strong>Μοίριδος</strong></span> <span class='ocrx_word' id='word_1_247' title='bbox 1354 2947 1519 3018; x_wconf 86' lang='grc' dir='ltr'>λίμνη</span> <span class='ocrx_word' id='word_1_248' title='bbox 1546 2950 1639 3001; x_wconf 71' lang='grc' dir='ltr'>καὶ</span> <span class='ocrx_word' id='word_1_249' title='bbox 1679 2952 1732 3000; x_wconf 78' lang='grc' dir='ltr'>αἱ</span> <span class='ocrx_word' id='word_1_250' title='bbox 1759 2951 1896 3021; x_wconf 81' lang='grc' dir='ltr'>πρὸς</span> 
     </span>
    </p>
   </div>
   <div class='ocr_carea' id='block_1_34' title="bbox 318 3027 1902 3103">
    <p class='ocr_par' dir='ltr' id='par_1_34' title="bbox 318 3027 1902 3103">
     <span class='ocr_line' id='line_1_34' title="bbox 318 3027 1902 3103; baseline 0.004 -23"><span class='ocrx_word' id='word_1_251' title='bbox 318 3030 432 3088; x_wconf 84' lang='grc' dir='ltr'>τοῖς</span> <span class='ocrx_word' id='word_1_252' title='bbox 465 3027 609 3079; x_wconf 77' lang='grc' dir='ltr'>ἕλεσι</span> <span class='ocrx_word' id='word_1_253' title='bbox 637 3029 806 3093; x_wconf 77' lang='grc' dir='ltr'>κάτω,</span> <span class='ocrx_word' id='word_1_254' title='bbox 835 3031 929 3082; x_wconf 73' lang='grc' dir='ltr'><strong>καὶ</strong></span> <span class='ocrx_word' id='word_1_255' title='bbox 963 3032 994 3099; x_wconf 80' lang='grc' dir='ltr'>ἡ</span> <span class='ocrx_word' id='word_1_256' title='bbox 1029 3030 1290 3100; x_wconf 84' lang='grc' dir='ltr'>πρότερον</span> <span class='ocrx_word' id='word_1_257' title='bbox 1319 3031 1415 3100; x_wconf 78' lang='grc' dir='ltr'>μὲν</span> <span class='ocrx_word' id='word_1_258' title='bbox 1442 3033 1582 3100; x_wconf 82' lang='grc' dir='ltr'>ὑπὲρ</span> <span class='ocrx_word' id='word_1_259' title='bbox 1602 3034 1781 3103; x_wconf 81' lang='grc' dir='ltr'><strong>Φάρου</strong></span> <span class='ocrx_word' id='word_1_260' title='bbox 1807 3035 1902 3087; x_wconf 80' lang='grc' dir='ltr'>νῦν</span> 
     </span>
    </p>
   </div>
   <div class='ocr_carea' id='block_1_35' title="bbox 319 3109 1902 3188">
    <p class='ocr_par' dir='ltr' id='par_1_35' title="bbox 319 3109 1902 3188">
     <span class='ocr_line' id='line_1_35' title="bbox 319 3109 1902 3188; baseline 0.004 -25"><span class='ocrx_word' id='word_1_261' title='bbox 319 3111 363 3163; x_wconf 86' lang='grc' dir='ltr'>δ’</span> <span class='ocrx_word' id='word_1_262' title='bbox 387 3109 671 3174; x_wconf 77' lang='grc' dir='ltr'>ἐξόπισθεν</span> <span class='ocrx_word' id='word_1_263' title='bbox 699 3112 796 3179; x_wconf 83' lang='grc' dir='ltr'>τῆς</span> <span class='ocrx_word' id='word_1_264' title='bbox 837 3112 1188 3182; x_wconf 80' lang='grc' dir='ltr'>Ἀλεξάνδρου</span> <span class='ocrx_word' id='word_1_265' title='bbox 1231 3113 1437 3176; x_wconf 78' lang='grc' dir='ltr'>πόλεως</span> <span class='ocrx_word' id='word_1_266' title='bbox 1465 3115 1674 3184; x_wconf 85' lang='grc' dir='ltr'>Μαρία,</span> <span class='ocrx_word' id='word_1_267' title='bbox 1716 3117 1775 3180; x_wconf 78' lang='grc' dir='ltr'>ἐξ</span> <span class='ocrx_word' id='word_1_268' title='bbox 1801 3118 1902 3188; x_wconf 82' lang='grc' dir='ltr'><strong>ἁρ-</strong></span> 
     </span>
    </p>
   </div>
   <div class='ocr_carea' id='block_1_36' title="bbox 319 3195 1900 3265">
    <p class='ocr_par' dir='ltr' id='par_1_36' title="bbox 319 3195 1900 3265">
     <span class='ocr_line' id='line_1_36' title="bbox 319 3195 1900 3265; baseline 0.006 -20"><span class='ocrx_word' id='word_1_269' title='bbox 319 3196 419 3265; x_wconf 84' lang='grc' dir='ltr'>χῆς</span> <span class='ocrx_word' id='word_1_270' title='bbox 452 3195 511 3246; x_wconf 84' lang='grc' dir='ltr'><strong><em>τὲ</em></strong></span> <span class='ocrx_word' id='word_1_271' title='bbox 560 3197 665 3247; x_wconf 80' lang='grc' dir='ltr'>εἰσι</span> <span class='ocrx_word' id='word_1_272' title='bbox 713 3197 807 3248; x_wconf 82' lang='grc' dir='ltr'>τοῦ</span> <span class='ocrx_word' id='word_1_273' title='bbox 837 3197 1030 3248; x_wconf 81' lang='grc' dir='ltr'>Νείλου</span> <span class='ocrx_word' id='word_1_274' title='bbox 1071 3196 1280 3261; x_wconf 85' lang='grc' dir='ltr'>κόλποι,</span> <span class='ocrx_word' id='word_1_275' title='bbox 1327 3214 1454 3262; x_wconf 84' lang='lat' dir='ltr'><strong>non,</strong></span> <span class='ocrx_word' id='word_1_276' title='bbox 1495 3209 1553 3251; x_wconf 92' lang='lat' dir='ltr'><strong>ut</strong></span> <span class='ocrx_word' id='word_1_277' title='bbox 1598 3215 1738 3253; x_wconf 91' lang='lat' dir='ltr'><strong>nunc</strong></span> <span class='ocrx_word' id='word_1_278' title='bbox 1772 3202 1900 3254; x_wconf 90' lang='lat' dir='ltr'><strong>editi</strong></span> 
     </span>
    </p>
   </div>
   <div class='ocr_carea' id='block_1_37' title="bbox 320 3278 1900 3350">
    <p class='ocr_par' dir='ltr' id='par_1_37' title="bbox 320 3278 1900 3350">
     <span class='ocr_line' id='line_1_37' title="bbox 320 3278 1900 3350; baseline 0.003 -19"><span class='ocrx_word' id='word_1_279' title='bbox 320 3294 430 3346; x_wconf 66' lang='lat' dir='ltr'><strong>prae</strong></span> <span class='ocrx_word' id='word_1_280' title='bbox 463 3293 522 3332; x_wconf 88' lang='lat' dir='ltr'><strong>se</strong></span> <span class='ocrx_word' id='word_1_281' title='bbox 563 3278 764 3342; x_wconf 78' lang='lat' dir='ltr'><strong>ferunt,</strong></span> <span class='ocrx_word' id='word_1_282' title='bbox 809 3279 946 3348; x_wconf 85' lang='grc' dir='ltr'>πρὸς</span> <span class='ocrx_word' id='word_1_283' title='bbox 983 3282 1093 3342; x_wconf 86' lang='grc' dir='ltr'>τοῖς</span> <span class='ocrx_word' id='word_1_284' title='bbox 1141 3280 1368 3350; x_wconf 81' lang='grc' dir='ltr'>Ἕλλησι</span> <span class='ocrx_word' id='word_1_285' title='bbox 1400 3281 1590 3334; x_wconf 71' lang='grc' dir='ltr'>κάτωῖ</span> <span class='ocrx_word' id='word_1_286' title='bbox 1647 3283 1698 3335; x_wconf 93' lang='lat' dir='ltr'><strong>id</strong></span> <span class='ocrx_word' id='word_1_287' title='bbox 1758 3284 1900 3337; x_wconf 90' lang='lat' dir='ltr'><strong>enim</strong></span> 
     </span>
    </p>
   </div>
   <div class='ocr_carea' id='block_1_38' title="bbox 323 3361 1899 3434">
    <p class='ocr_par' dir='ltr' id='par_1_38' title="bbox 323 3361 1899 3434">
     <span class='ocr_line' id='line_1_38' title="bbox 323 3361 1899 3434; baseline 0.003 -20"><span class='ocrx_word' id='word_1_288' title='bbox 323 3361 490 3415; x_wconf 89' lang='lat' dir='ltr'><strong>multo</strong></span> <span class='ocrx_word' id='word_1_289' title='bbox 525 3362 944 3431; x_wconf 84' lang='lat' dir='ltr'><strong>ineptissimum,</strong></span> <span class='ocrx_word' id='word_1_290' title='bbox 983 3363 1437 3431; x_wconf 86' lang='lat' dir='ltr'><strong>quemadmodum</strong></span> <span class='ocrx_word' id='word_1_291' title='bbox 1487 3365 1651 3418; x_wconf 88' lang='lat' dir='ltr'><strong>etiam</strong></span> <span class='ocrx_word' id='word_1_292' title='bbox 1687 3381 1739 3434; x_wconf 92' lang='lat' dir='ltr'><strong>p.</strong></span> <span class='ocrx_word' id='word_1_293' title='bbox 1772 3366 1899 3433; x_wconf 78' lang='lat' dir='ltr'><strong>6l‘2,</strong></span> 
     </span>
    </p>
   </div>
   <div class='ocr_carea' id='block_1_39' title="bbox 319 3443 1902 3516">
    <p class='ocr_par' dir='ltr' id='par_1_39' title="bbox 319 3443 1902 3516">
     <span class='ocr_line' id='line_1_39' title="bbox 319 3443 1902 3516; baseline 0.002 -18"><span class='ocrx_word' id='word_1_294' title='bbox 319 3460 441 3498; x_wconf 88' lang='lat' dir='ltr'><strong>cum</strong></span> <span class='ocrx_word' id='word_1_295' title='bbox 476 3446 542 3498; x_wconf 90' lang='lat' dir='ltr'><strong>de</strong></span> <span class='ocrx_word' id='word_1_296' title='bbox 569 3443 690 3499; x_wconf 86' lang='lat' dir='ltr'><strong>Nilo</strong></span> <span class='ocrx_word' id='word_1_297' title='bbox 713 3445 862 3498; x_wconf 86' lang='grc' dir='ltr'>κάτω</span> <span class='ocrx_word' id='word_1_298' title='bbox 888 3444 932 3498; x_wconf 79' lang='grc' dir='ltr'>δ’</span> <span class='ocrx_word' id='word_1_299' title='bbox 961 3447 1020 3498; x_wconf 82' lang='grc' dir='ltr'><strong>ἐν</strong></span> <span class='ocrx_word' id='word_1_300' title='bbox 1045 3447 1156 3506; x_wconf 82' lang='grc' dir='ltr'>τοῖς</span> <span class='ocrx_word' id='word_1_301' title='bbox 1185 3446 1441 3516; x_wconf 80' lang='grc' dir='ltr'>’Ἓλλησιν</span> <span class='ocrx_word' id='word_1_302' title='bbox 1466 3449 1543 3509; x_wconf 79' lang='grc' dir='ltr'>εἰς</span> <span class='ocrx_word' id='word_1_303' title='bbox 1570 3448 1708 3500; x_wconf 73' lang='grc' dir='ltr'>ἑπτά</span> <span class='ocrx_word' id='word_1_304' title='bbox 1739 3466 1902 3514; x_wconf 71' lang='grc' dir='ltr'>καταο</span> 
     </span>
    </p>
   </div>
   <div class='ocr_carea' id='block_1_40' title="bbox 322 3526 1900 3598">
    <p class='ocr_par' dir='ltr' id='par_1_40' title="bbox 322 3526 1900 3598">
     <span class='ocr_line' id='line_1_40' title="bbox 322 3526 1900 3598; baseline 0.006 -21"><span class='ocrx_word' id='word_1_305' title='bbox 322 3526 546 3594; x_wconf 83' lang='grc' dir='ltr'>βαίνειν,</span> <span class='ocrx_word' id='word_1_306' title='bbox 604 3527 691 3580; x_wconf 90' lang='lat' dir='ltr'><strong>ubi</strong></span> <span class='ocrx_word' id='word_1_307' title='bbox 734 3527 918 3582; x_wconf 85' lang='lat' dir='ltr'><strong>itidem</strong></span> <span class='ocrx_word' id='word_1_308' title='bbox 961 3527 1108 3580; x_wconf 74' lang='grc' dir='ltr'>ἕλεσι</span> <span class='ocrx_word' id='word_1_309' title='bbox 1146 3530 1458 3598; x_wconf 77' lang='lat' dir='ltr'><strong>reliquerat.</strong></span> <span class='ocrx_word' id='word_1_310' title='bbox 1519 3531 1622 3585; x_wconf 88' lang='lat' dir='ltr'><strong>Par</strong></span> <span class='ocrx_word' id='word_1_311' title='bbox 1652 3533 1788 3586; x_wconf 87' lang='lat' dir='ltr'><strong>ratio</strong></span> <span class='ocrx_word' id='word_1_312' title='bbox 1816 3543 1900 3587; x_wconf 78' lang='lat' dir='ltr'><strong>est</strong></span> 
     </span>
    </p>
   </div>
   <div class='ocr_carea' id='block_1_41' title="bbox 323 3607 1899 3678">
    <p class='ocr_par' dir='ltr' id='par_1_41' title="bbox 323 3607 1899 3678">
     <span class='ocr_line' id='line_1_41' title="bbox 323 3607 1899 3678; baseline 0.005 -18"><span class='ocrx_word' id='word_1_313' title='bbox 323 3608 376 3660; x_wconf 83' lang='lat' dir='ltr'><strong>in</strong></span> <span class='ocrx_word' id='word_1_314' title='bbox 415 3609 499 3660; x_wconf 88' lang='lat' dir='ltr'><strong>his</strong></span> <span class='ocrx_word' id='word_1_315' title='bbox 527 3607 834 3662; x_wconf 73' lang='lat' dir='ltr'><strong>scholiastze</strong></span> <span class='ocrx_word' id='word_1_316' title='bbox 889 3610 1268 3678; x_wconf 71' lang='lat' dir='ltr'><strong>Aristophanis</strong></span> <span class='ocrx_word' id='word_1_317' title='bbox 1334 3612 1480 3666; x_wconf 81' lang='lat' dir='ltr'><strong>Plut.</strong></span> <span class='ocrx_word' id='word_1_318' title='bbox 1523 3614 1624 3668; x_wconf 78' lang='lat' dir='ltr'><strong>I78</strong></span> <span class='ocrx_word' id='word_1_319' title='bbox 1663 3617 1899 3678; x_wconf 68' lang='grc' dir='ltr'>;οἵτιιίες</span> 
     </span>
    </p>
   </div>
   <div class='ocr_carea' id='block_1_42' title="bbox 327 3689 1900 3761">
    <p class='ocr_par' dir='ltr' id='par_1_42' title="bbox 327 3689 1900 3761">
     <span class='ocr_line' id='line_1_42' title="bbox 327 3689 1900 3761; baseline 0.003 -18"><span class='ocrx_word' id='word_1_320' title='bbox 327 3691 423 3744; x_wconf 79' lang='grc' dir='ltr'><strong>καὶ</strong></span> <span class='ocrx_word' id='word_1_321' title='bbox 455 3689 887 3758; x_wconf 81' lang='grc' dir='ltr'>διαπεράσαντες</span> <span class='ocrx_word' id='word_1_322' title='bbox 913 3693 990 3754; x_wconf 79' lang='grc' dir='ltr'><strong>είς</strong></span> <span class='ocrx_word' id='word_1_323' title='bbox 1023 3691 1119 3761; x_wconf 81' lang='grc' dir='ltr'>τὴν</span> <span class='ocrx_word' id='word_1_324' title='bbox 1145 3693 1435 3760; x_wconf 79' lang='grc' dir='ltr'>Αἴγυπτον,</span> <span class='ocrx_word' id='word_1_325' title='bbox 1457 3695 1552 3746; x_wconf 76' lang='grc' dir='ltr'>καὶ</span> <span class='ocrx_word' id='word_1_326' title='bbox 1574 3696 1630 3746; x_wconf 79' lang='grc' dir='ltr'>ἐν</span> <span class='ocrx_word' id='word_1_327' title='bbox 1657 3713 1762 3746; x_wconf 89' lang='grc' dir='ltr'>τινι</span> <span class='ocrx_word' id='word_1_328' title='bbox 1792 3697 1900 3748; x_wconf 85' lang='grc' dir='ltr'><strong>τῶν</strong></span> 
     </span>
    </p>
   </div>
   <div class='ocr_carea' id='block_1_43' title="bbox 322 3772 1900 3846">
    <p class='ocr_par' dir='ltr' id='par_1_43' title="bbox 322 3772 1900 3846">
     <span class='ocr_line' id='line_1_43' title="bbox 322 3772 1900 3846; baseline 0.004 -22"><span class='ocrx_word' id='word_1_329' title='bbox 322 3772 415 3825; x_wconf 84' lang='grc' dir='ltr'>τοῦ</span> <span class='ocrx_word' id='word_1_330' title='bbox 444 3772 636 3824; x_wconf 78' lang='grc' dir='ltr'>Νείλου</span> <span class='ocrx_word' id='word_1_331' title='bbox 664 3773 949 3842; x_wconf 81' lang='grc' dir='ltr'>στομάτων</span> <span class='ocrx_word' id='word_1_332' title='bbox 973 3775 1433 3838; x_wconf 80' lang='grc' dir='ltr'>ἀναπλεύσαντες,</span> <span class='ocrx_word' id='word_1_333' title='bbox 1468 3778 1768 3846; x_wconf 83' lang='grc' dir='ltr'>προσέσχον</span> <span class='ocrx_word' id='word_1_334' title='bbox 1791 3781 1900 3841; x_wconf 87' lang='grc' dir='ltr'>τοῖς</span> 
     </span>
    </p>
   </div>
   <div class='ocr_carea' id='block_1_44' title="bbox 325 3853 1900 3928">
    <p class='ocr_par' dir='ltr' id='par_1_44' title="bbox 325 3853 1900 3928">
     <span class='ocr_line' id='line_1_44' title="bbox 325 3853 1900 3928; baseline 0.005 -23"><span class='ocrx_word' id='word_1_335' title='bbox 325 3853 572 3928; x_wconf 76' lang='grc' dir='ltr'>Ἕλλησι.</span> <span class='ocrx_word' id='word_1_336' title='bbox 612 3853 848 3924; x_wconf 84' lang='lat' dir='ltr'><strong>Reliquit</strong></span> <span class='ocrx_word' id='word_1_337' title='bbox 872 3866 1265 3910; x_wconf 88' lang='lat' dir='ltr'><strong>commentator</strong></span> <span class='ocrx_word' id='word_1_338' title='bbox 1297 3859 1405 3919; x_wconf 82' lang='grc' dir='ltr'>τοῖς</span> <span class='ocrx_word' id='word_1_339' title='bbox 1435 3857 1603 3921; x_wconf 71' lang='grc' dir='ltr'>ἕλεσι,</span> <span class='ocrx_word' id='word_1_340' title='bbox 1647 3870 1900 3928; x_wconf 83' lang='lat' dir='ltr'><strong>tantoque</strong></span> 
     </span>
    </p>
   </div>
   <div class='ocr_carea' id='block_1_45' title="bbox 323 3926 1899 4010">
    <p class='ocr_par' dir='ltr' id='par_1_45' title="bbox 323 3926 1899 4010">
     <span class='ocr_line' id='line_1_45' title="bbox 323 3926 1899 4010; baseline 0.002 -16"><span class='ocrx_word' id='word_1_341' title='bbox 323 3926 587 3994; x_wconf 79' lang='lat' dir='ltr'><strong>beneﬁcio</strong></span> <span class='ocrx_word' id='word_1_342' title='bbox 637 3939 854 4008; x_wconf 65' lang='lat' dir='ltr'><strong>collega:</strong></span> <span class='ocrx_word' id='word_1_343' title='bbox 913 3954 1032 3994; x_wconf 91' lang='lat' dir='ltr'><strong>meo</strong></span> <span class='ocrx_word' id='word_1_344' title='bbox 1087 3941 1401 4002; x_wconf 81' lang='lat' dir='ltr'><strong>obstrictus,</strong></span> <span class='ocrx_word' id='word_1_345' title='bbox 1455 3942 1714 3996; x_wconf 88' lang='lat' dir='ltr'><strong>medicam</strong></span> <span class='ocrx_word' id='word_1_346' title='bbox 1754 3926 1899 4010; x_wconf 86' lang='lat' dir='ltr'><strong>ejus-</strong></span> 
     </span>
    </p>
   </div>
   <div class='ocr_carea' id='block_1_46' title="bbox 321 4022 1898 4094">
    <p class='ocr_par' dir='ltr' id='par_1_46' title="bbox 321 4022 1898 4094">
     <span class='ocr_line' id='line_1_46' title="bbox 321 4022 1898 4094; baseline 0.002 -18"><span class='ocrx_word' id='word_1_347' title='bbox 321 4025 444 4076; x_wconf 88' lang='lat' dir='ltr'><strong>dem</strong></span> <span class='ocrx_word' id='word_1_348' title='bbox 478 4038 695 4076; x_wconf 84' lang='lat' dir='ltr'><strong>manum</strong></span> <span class='ocrx_word' id='word_1_349' title='bbox 738 4024 790 4076; x_wconf 90' lang='lat' dir='ltr'><strong>in</strong></span> <span class='ocrx_word' id='word_1_350' title='bbox 846 4022 1118 4092; x_wconf 90' lang='lat' dir='ltr'><strong>plerisque</strong></span> <span class='ocrx_word' id='word_1_351' title='bbox 1174 4023 1296 4078; x_wconf 89' lang='lat' dir='ltr'><strong>aliis</strong></span> <span class='ocrx_word' id='word_1_352' title='bbox 1331 4025 1557 4093; x_wconf 77' lang='lat' dir='ltr'><strong>supplex</strong></span> <span class='ocrx_word' id='word_1_353' title='bbox 1594 4025 1694 4079; x_wconf 88' lang='lat' dir='ltr'><strong>sibi</strong></span> <span class='ocrx_word' id='word_1_354' title='bbox 1732 4042 1898 4094; x_wconf 82' lang='lat' dir='ltr'><strong>expo-</strong></span> 
     </span>
    </p>
   </div>
   <div class='ocr_carea' id='block_1_47' title="bbox 322 4107 507 4160">
    <p class='ocr_par' dir='ltr' id='par_1_47' title="bbox 322 4107 507 4160">
     <span class='ocr_line' id='line_1_47' title="bbox 322 4107 507 4160; baseline 0 0"><span class='ocrx_word' id='word_1_355' title='bbox 322 4107 507 4160; x_wconf 88' lang='lat' dir='ltr'><strong>stulat.</strong></span> 
     </span>
    </p>
   </div>
   <div class='ocr_carea' id='block_1_48' title="bbox 415 4187 1897 4256">
    <p class='ocr_par' dir='ltr' id='par_1_48' title="bbox 415 4187 1897 4256">
     <span class='ocr_line' id='line_1_48' title="bbox 415 4187 1897 4256; baseline 0.002 -15"><span class='ocrx_word' id='word_1_356' title='bbox 415 4189 526 4244; x_wconf 89' lang='lat' dir='ltr'><strong>bid.</strong></span> <span class='ocrx_word' id='word_1_357' title='bbox 598 4187 918 4256; x_wconf 71' lang='lat' dir='ltr'><strong>Haprthoc.</strong></span> <span class='ocrx_word' id='word_1_358' title='bbox 970 4187 1042 4241; x_wconf 91' lang='lat' dir='ltr'><strong>Ita</strong></span> <span class='ocrx_word' id='word_1_359' title='bbox 1104 4201 1233 4242; x_wconf 89' lang='lat' dir='ltr'><strong>mss.</strong></span> <span class='ocrx_word' id='word_1_360' title='bbox 1301 4189 1362 4244; x_wconf 89' lang='lat' dir='ltr'><strong>L.</strong></span> <span class='ocrx_word' id='word_1_361' title='bbox 1406 4190 1734 4246; x_wconf 87' lang='lat' dir='ltr'><strong>Ilolsteinius</strong></span> <span class='ocrx_word' id='word_1_362' title='bbox 1784 4194 1897 4246; x_wconf 85' lang='grc' dir='ltr'>Πά-</span> 
     </span>
    </p>
   </div>
   <div class='ocr_carea' id='block_1_49' title="bbox 325 4273 1898 4345">
    <p class='ocr_par' dir='ltr' id='par_1_49' title="bbox 325 4273 1898 4345">
     <span class='ocr_line' id='line_1_49' title="bbox 325 4273 1898 4345; baseline 0.001 -19"><span class='ocrx_word' id='word_1_363' title='bbox 325 4274 484 4345; x_wconf 83' lang='grc' dir='ltr'>ραλος</span> <span class='ocrx_word' id='word_1_364' title='bbox 535 4277 810 4337; x_wconf 88' lang='lat' dir='ltr'><strong>cmendat,</strong></span> <span class='ocrx_word' id='word_1_365' title='bbox 847 4273 1000 4341; x_wconf 83' lang='lat' dir='ltr'><strong>cujus</strong></span> <span class='ocrx_word' id='word_1_366' title='bbox 1050 4274 1243 4340; x_wconf 68' lang='lat' dir='ltr'><strong>praasul</strong></span> <span class='ocrx_word' id='word_1_367' title='bbox 1323 4276 1372 4328; x_wconf 90' lang='lat' dir='ltr'><strong>in</strong></span> <span class='ocrx_word' id='word_1_368' title='bbox 1410 4275 1608 4344; x_wconf 82' lang='lat' dir='ltr'><strong>Ephes.</strong></span> <span class='ocrx_word' id='word_1_369' title='bbox 1673 4279 1898 4331; x_wconf 83' lang='lat' dir='ltr'><strong>concilio</strong></span> 
     </span>
    </p>
   </div>
   <div class='ocr_carea' id='block_1_50' title="bbox 324 4356 1896 4428">
    <p class='ocr_par' dir='ltr' id='par_1_50' title="bbox 324 4356 1896 4428">
     <span class='ocr_line' id='line_1_50' title="bbox 324 4356 1896 4428; baseline 0.003 -20"><span class='ocrx_word' id='word_1_370' title='bbox 324 4373 376 4424; x_wconf 91' lang='lat' dir='ltr'><strong>p.</strong></span> <span class='ocrx_word' id='word_1_371' title='bbox 406 4356 510 4410; x_wconf 68' lang='lat' dir='ltr'><strong>A39</strong></span> <span class='ocrx_word' id='word_1_372' title='bbox 549 4356 871 4409; x_wconf 87' lang='lat' dir='ltr'><strong>Athanasius</strong></span> <span class='ocrx_word' id='word_1_373' title='bbox 900 4356 1155 4424; x_wconf 76' lang='grc' dir='ltr'>Παράλου</span> <span class='ocrx_word' id='word_1_374' title='bbox 1182 4367 1234 4411; x_wconf 92' lang='lat' dir='ltr'><strong>et</strong></span> <span class='ocrx_word' id='word_1_375' title='bbox 1264 4356 1316 4412; x_wconf 91' lang='lat' dir='ltr'><strong>in</strong></span> <span class='ocrx_word' id='word_1_376' title='bbox 1349 4359 1676 4414; x_wconf 86' lang='lat' dir='ltr'><strong>Chalcedon.</strong></span> <span class='ocrx_word' id='word_1_377' title='bbox 1717 4376 1766 4428; x_wconf 93' lang='lat' dir='ltr'><strong>p.</strong></span> <span class='ocrx_word' id='word_1_378' title='bbox 1800 4361 1896 4413; x_wconf 76' lang='lat' dir='ltr'><strong>I‘27</strong></span> 
     </span>
    </p>
   </div>
   <div class='ocr_carea' id='block_1_51' title="bbox 322 4438 1898 4506">
    <p class='ocr_par' dir='ltr' id='par_1_51' title="bbox 322 4438 1898 4506">
     <span class='ocr_line' id='line_1_51' title="bbox 322 4438 1898 4506; baseline 0.003 -16"><span class='ocrx_word' id='word_1_379' title='bbox 322 4438 603 4492; x_wconf 87' lang='lat' dir='ltr'><strong>Pasmeius</strong></span> <span class='ocrx_word' id='word_1_380' title='bbox 640 4439 892 4506; x_wconf 83' lang='grc' dir='ltr'>Παράλου</span> <span class='ocrx_word' id='word_1_381' title='bbox 941 4439 1178 4500; x_wconf 87' lang='lat' dir='ltr'><strong>dicitur.</strong></span> <span class='ocrx_word' id='word_1_382' title='bbox 1225 4449 1280 4493; x_wconf 92' lang='lat' dir='ltr'><strong>et</strong></span> <span class='ocrx_word' id='word_1_383' title='bbox 1342 4441 1393 4493; x_wconf 91' lang='lat' dir='ltr'><strong>in</strong></span> <span class='ocrx_word' id='word_1_384' title='bbox 1447 4440 1610 4494; x_wconf 89' lang='lat' dir='ltr'><strong>latina</strong></span> <span class='ocrx_word' id='word_1_385' title='bbox 1649 4444 1898 4495; x_wconf 83' lang='lat' dir='ltr'><strong>versione</strong></span> 
     </span>
    </p>
   </div>
   <div class='ocr_carea' id='block_1_52' title="bbox 321 4518 1897 4591">
    <p class='ocr_par' dir='ltr' id='par_1_52' title="bbox 321 4518 1897 4591">
     <span class='ocr_line' id='line_1_52' title="bbox 321 4518 1897 4591; baseline 0.001 -18"><span class='ocrx_word' id='word_1_386' title='bbox 321 4518 529 4584; x_wconf 78' lang='lat' dir='ltr'><strong>Parali,</strong></span> <span class='ocrx_word' id='word_1_387' title='bbox 562 4521 662 4576; x_wconf 83' lang='lat' dir='ltr'><strong>etsi</strong></span> <span class='ocrx_word' id='word_1_388' title='bbox 689 4520 1001 4591; x_wconf 71' lang='lat' dir='ltr'><strong>Ephesiana:</strong></span> <span class='ocrx_word' id='word_1_389' title='bbox 1031 4522 1222 4591; x_wconf 87' lang='lat' dir='ltr'><strong>synodi</strong></span> <span class='ocrx_word' id='word_1_390' title='bbox 1255 4524 1522 4591; x_wconf 88' lang='lat' dir='ltr'><strong>interpres</strong></span> <span class='ocrx_word' id='word_1_391' title='bbox 1551 4523 1755 4576; x_wconf 80' lang='lat' dir='ltr'><strong>Paralii</strong></span> <span class='ocrx_word' id='word_1_392' title='bbox 1782 4541 1897 4577; x_wconf 76' lang='lat' dir='ltr'><strong>tnzt-</strong></span> 
     </span>
    </p>
   </div>
   <div class='ocr_carea' id='block_1_53' title="bbox 322 4603 1897 4672">
    <p class='ocr_par' dir='ltr' id='par_1_53' title="bbox 322 4603 1897 4672">
     <span class='ocr_line' id='line_1_53' title="bbox 322 4603 1897 4672; baseline 0.004 -18"><span class='ocrx_word' id='word_1_393' title='bbox 322 4603 499 4656; x_wconf 89' lang='lat' dir='ltr'><strong>luerit.</strong></span> <span class='ocrx_word' id='word_1_394' title='bbox 545 4605 617 4656; x_wconf 88' lang='lat' dir='ltr'><strong>De</strong></span> <span class='ocrx_word' id='word_1_395' title='bbox 651 4605 767 4672; x_wconf 89' lang='lat' dir='ltr'><strong>ejus</strong></span> <span class='ocrx_word' id='word_1_396' title='bbox 819 4606 950 4668; x_wconf 90' lang='lat' dir='ltr'><strong>situ,</strong></span> <span class='ocrx_word' id='word_1_397' title='bbox 1011 4605 1116 4659; x_wconf 92' lang='lat' dir='ltr'><strong>nisi</strong></span> <span class='ocrx_word' id='word_1_398' title='bbox 1167 4605 1306 4658; x_wconf 88' lang='lat' dir='ltr'><strong>intra</strong></span> <span class='ocrx_word' id='word_1_399' title='bbox 1359 4606 1506 4658; x_wconf 88' lang='lat' dir='ltr'><strong>Delta</strong></span> <span class='ocrx_word' id='word_1_400' title='bbox 1543 4607 1728 4672; x_wconf 79' lang='lat' dir='ltr'><strong>fuisse,</strong></span> <span class='ocrx_word' id='word_1_401' title='bbox 1764 4609 1897 4661; x_wconf 83' lang='lat' dir='ltr'><strong>nihil</strong></span> 
     </span>
    </p>
   </div>
   <div class='ocr_carea' id='block_1_54' title="bbox 319 4686 720 4739">
    <p class='ocr_par' dir='ltr' id='par_1_54' title="bbox 319 4686 720 4739">
     <span class='ocr_line' id='line_1_54' title="bbox 319 4686 720 4739; baseline 0.002 -1"><span class='ocrx_word' id='word_1_402' title='bbox 319 4686 452 4739; x_wconf 86' lang='lat' dir='ltr'><strong>certi</strong></span> <span class='ocrx_word' id='word_1_403' title='bbox 483 4696 720 4739; x_wconf 86' lang='lat' dir='ltr'><strong>constat.</strong></span> 
     </span>
    </p>
   </div>
   <div class='ocr_carea' id='block_1_55' title="bbox 387 4768 1898 4843">
    <p class='ocr_par' dir='ltr' id='par_1_55' title="bbox 387 4768 1898 4843">
     <span class='ocr_line' id='line_1_55' title="bbox 387 4768 1898 4843; baseline 0.003 -22"><span class='ocrx_word' id='word_1_404' title='bbox 387 4769 504 4822; x_wconf 84' lang='lat' dir='ltr'><strong>Col.</strong></span> <span class='ocrx_word' id='word_1_405' title='bbox 543 4769 642 4823; x_wconf 81' lang='lat' dir='ltr'><strong>l56</strong></span> <span class='ocrx_word' id='word_1_406' title='bbox 682 4771 747 4828; x_wconf 87' lang='lat' dir='ltr'><strong>A.</strong></span> <span class='ocrx_word' id='word_1_407' title='bbox 795 4771 1133 4838; x_wconf 80' lang='grc' dir='ltr'>Αὐγούστα.</span> <span class='ocrx_word' id='word_1_408' title='bbox 1193 4768 1354 4825; x_wconf 84' lang='lat' dir='ltr'><strong>Forte</strong></span> <span class='ocrx_word' id='word_1_409' title='bbox 1411 4773 1898 4843; x_wconf 83' lang='grc' dir='ltr'>Αύγουσταμνικῆς</span> 
     </span>
    </p>
   </div>
   <div class='ocr_carea' id='block_1_56' title="bbox 319 4854 1900 4924">
    <p class='ocr_par' dir='ltr' id='par_1_56' title="bbox 319 4854 1900 4924">
     <span class='ocr_line' id='line_1_56' title="bbox 319 4854 1900 4924; baseline 0.003 -17"><span class='ocrx_word' id='word_1_410' title='bbox 319 4855 594 4922; x_wconf 89' lang='lat' dir='ltr'><strong>quomodo</strong></span> <span class='ocrx_word' id='word_1_411' title='bbox 644 4854 994 4909; x_wconf 87' lang='lat' dir='ltr'><strong>Constantius</strong></span> <span class='ocrx_word' id='word_1_412' title='bbox 1054 4857 1348 4924; x_wconf 87' lang='lat' dir='ltr'><strong>imperator</strong></span> <span class='ocrx_word' id='word_1_413' title='bbox 1389 4858 1526 4924; x_wconf 89' lang='lat' dir='ltr'><strong>ame</strong></span> <span class='ocrx_word' id='word_1_414' title='bbox 1570 4859 1900 4912; x_wconf 78' lang='lat' dir='ltr'><strong>Athanasius</strong></span> 
     </span>
    </p>
   </div>
   <div class='ocr_carea' id='block_1_57' title="bbox 320 4937 1898 5009">
    <p class='ocr_par' dir='ltr' id='par_1_57' title="bbox 320 4937 1898 5009">
     <span class='ocr_line' id='line_1_57' title="bbox 320 4937 1898 5009; baseline 0.003 -22"><span class='ocrx_word' id='word_1_415' title='bbox 320 4937 542 5006; x_wconf 82' lang='lat' dir='ltr'><strong>Apoloy.</strong></span> <span class='ocrx_word' id='word_1_416' title='bbox 591 4939 779 4992; x_wconf 84' lang='lat' dir='ltr'><strong>Arian.</strong></span> <span class='ocrx_word' id='word_1_417' title='bbox 826 4955 877 5007; x_wconf 85' lang='lat' dir='ltr'><strong>p.</strong></span> <span class='ocrx_word' id='word_1_418' title='bbox 912 4941 1013 4994; x_wconf 71' lang='grc'>174</span> <span class='ocrx_word' id='word_1_419' title='bbox 1051 4942 1163 5002; x_wconf 79' lang='grc' dir='ltr'>τοῖς</span> <span class='ocrx_word' id='word_1_420' title='bbox 1199 4941 1256 4993; x_wconf 85' lang='grc' dir='ltr'>ὲν</span> <span class='ocrx_word' id='word_1_421' title='bbox 1312 4941 1765 5009; x_wconf 75' lang='grc' dir='ltr'>Αύγουσταμνικῇ</span> <span class='ocrx_word' id='word_1_422' title='bbox 1803 4942 1898 4994; x_wconf 76' lang='grc' dir='ltr'>καὶ</span> 
     </span>
    </p>
   </div>
   <div class='ocr_carea' id='block_1_58' title="bbox 319 5019 1896 5092">
    <p class='ocr_par' dir='ltr' id='par_1_58' title="bbox 319 5019 1896 5092">
     <span class='ocr_line' id='line_1_58' title="bbox 319 5019 1896 5092; baseline 0.004 -22"><span class='ocrx_word' id='word_1_423' title='bbox 319 5019 548 5088; x_wconf 77' lang='grc' dir='ltr'>θηϐαἲδι</span> <span class='ocrx_word' id='word_1_424' title='bbox 594 5020 688 5074; x_wconf 75' lang='grc' dir='ltr'>καὶ</span> <span class='ocrx_word' id='word_1_425' title='bbox 727 5020 955 5084; x_wconf 80' lang='grc' dir='ltr'>Λιὸύαις</span> <span class='ocrx_word' id='word_1_426' title='bbox 996 5024 1272 5092; x_wconf 73' lang='grc' dir='ltr'>ἡγεμόσιξ</span> <span class='ocrx_word' id='word_1_427' title='bbox 1321 5039 1416 5092; x_wconf 91' lang='lat' dir='ltr'><strong>pro</strong></span> <span class='ocrx_word' id='word_1_428' title='bbox 1474 5025 1668 5090; x_wconf 85' lang='lat' dir='ltr'><strong>quibus</strong></span> <span class='ocrx_word' id='word_1_429' title='bbox 1723 5022 1896 5076; x_wconf 84' lang='lat' dir='ltr'><strong>Meta-</strong></span> 
     </span>
    </p>
   </div>
   <div class='ocr_carea' id='block_1_59' title="bbox 321 5103 1898 5176">
    <p class='ocr_par' dir='ltr' id='par_1_59' title="bbox 321 5103 1898 5176">
     <span class='ocr_line' id='line_1_59' title="bbox 321 5103 1898 5176; baseline 0.001 -20"><span class='ocrx_word' id='word_1_430' title='bbox 321 5103 569 5169; x_wconf 86' lang='lat' dir='ltr'><strong>phrastes</strong></span> <span class='ocrx_word' id='word_1_431' title='bbox 596 5105 646 5156; x_wconf 93' lang='lat' dir='ltr'><strong>in</strong></span> <span class='ocrx_word' id='word_1_432' title='bbox 674 5105 954 5159; x_wconf 86' lang='lat' dir='ltr'><strong>Athanasii</strong></span> <span class='ocrx_word' id='word_1_433' title='bbox 1001 5105 1117 5158; x_wconf 82' lang='lat' dir='ltr'><strong>l’ita</strong></span> <span class='ocrx_word' id='word_1_434' title='bbox 1139 5124 1187 5158; x_wconf 91' lang='lat' dir='ltr'><strong>c.</strong></span> <span class='ocrx_word' id='word_1_435' title='bbox 1211 5107 1268 5159; x_wconf 88' lang='grc'><strong>11</strong></span> <span class='ocrx_word' id='word_1_436' title='bbox 1309 5108 1421 5169; x_wconf 82' lang='grc' dir='ltr'>τοῖς</span> <span class='ocrx_word' id='word_1_437' title='bbox 1443 5107 1501 5158; x_wconf 84' lang='grc' dir='ltr'>ὲν</span> <span class='ocrx_word' id='word_1_438' title='bbox 1522 5107 1771 5176; x_wconf 81' lang='grc' dir='ltr'>Ταμνικῇ</span> <span class='ocrx_word' id='word_1_439' title='bbox 1807 5107 1898 5158; x_wconf 70' lang='grc' dir='ltr'>καὶ</span> 
     </span>
    </p>
   </div>
   <div class='ocr_carea' id='block_1_60' title="bbox 318 5186 1894 5260">
    <p class='ocr_par' dir='ltr' id='par_1_60' title="bbox 318 5186 1894 5260">
     <span class='ocr_line' id='line_1_60' title="bbox 318 5186 1894 5260; baseline 0.003 -21"><span class='ocrx_word' id='word_1_440' title='bbox 318 5186 546 5256; x_wconf 73' lang='grc' dir='ltr'>Θηϐαΐδι</span> <span class='ocrx_word' id='word_1_441' title='bbox 599 5187 694 5240; x_wconf 67' lang='grc' dir='ltr'>καὶ</span> <span class='ocrx_word' id='word_1_442' title='bbox 750 5189 926 5260; x_wconf 78' lang='grc' dir='ltr'>Λιϐύῃ</span> <span class='ocrx_word' id='word_1_443' title='bbox 986 5190 1248 5259; x_wconf 81' lang='grc' dir='ltr'>ἡγεμόσι.</span> <span class='ocrx_word' id='word_1_444' title='bbox 1298 5188 1582 5258; x_wconf 87' lang='lat' dir='ltr'><strong>Perperam</strong></span> <span class='ocrx_word' id='word_1_445' title='bbox 1641 5189 1894 5254; x_wconf 87' lang='lat' dir='ltr'><strong>diceres,</strong></span> 
     </span>
    </p>
   </div>
   <div class='ocr_carea' id='block_1_61' title="bbox 323 5269 1898 5343">
    <p class='ocr_par' dir='ltr' id='par_1_61' title="bbox 323 5269 1898 5343">
     <span class='ocr_line' id='line_1_61' title="bbox 323 5269 1898 5343; baseline 0.003 -19"><span class='ocrx_word' id='word_1_446' title='bbox 323 5272 426 5324; x_wconf 87' lang='lat' dir='ltr'><strong>nisi</strong></span> <span class='ocrx_word' id='word_1_447' title='bbox 457 5269 606 5324; x_wconf 80' lang='lat' dir='ltr'><strong>Nilus</strong></span> <span class='ocrx_word' id='word_1_448' title='bbox 641 5270 996 5340; x_wconf 74' lang='lat' dir='ltr'><strong>DOXOpatt&#39;ius</strong></span> <span class='ocrx_word' id='word_1_449' title='bbox 1032 5284 1158 5326; x_wconf 91' lang='lat' dir='ltr'><strong>tom.</strong></span> <span class='ocrx_word' id='word_1_450' title='bbox 1191 5275 1230 5340; x_wconf 89' lang='lat' dir='ltr'><strong>l,</strong></span> <span class='ocrx_word' id='word_1_451' title='bbox 1269 5273 1392 5327; x_wconf 87' lang='lat' dir='ltr'><strong>Var.</strong></span> <span class='ocrx_word' id='word_1_452' title='bbox 1433 5271 1588 5328; x_wconf 78' lang='lat' dir='ltr'><strong>Sacr.</strong></span> <span class='ocrx_word' id='word_1_453' title='bbox 1615 5272 1687 5327; x_wconf 88' lang='lat' dir='ltr'><strong>Le</strong></span> <span class='ocrx_word' id='word_1_454' title='bbox 1709 5273 1898 5343; x_wconf 78' lang='lat' dir='ltr'><strong>Moyue</strong></span> 
     </span>
    </p>
   </div>
   <div class='ocr_carea' id='block_1_62' title="bbox 323 5352 1893 5429">
    <p class='ocr_par' dir='ltr' id='par_1_62' title="bbox 323 5352 1893 5429">
     <span class='ocr_line' id='line_1_62' title="bbox 323 5352 1893 5429; baseline 0.003 -24"><span class='ocrx_word' id='word_1_455' title='bbox 323 5369 374 5420; x_wconf 70' lang='grc' dir='ltr'>ι).</span> <span class='ocrx_word' id='word_1_456' title='bbox 409 5354 516 5406; x_wconf 70' lang='lat'><strong>2&#39;25</strong></span> <span class='ocrx_word' id='word_1_457' title='bbox 558 5353 656 5424; x_wconf 77' lang='grc' dir='ltr'>τὴν</span> <span class='ocrx_word' id='word_1_458' title='bbox 690 5356 912 5426; x_wconf 86' lang='grc' dir='ltr'>πρώτην</span> <span class='ocrx_word' id='word_1_459' title='bbox 949 5357 1277 5426; x_wconf 80' lang='grc' dir='ltr'>Σταμνικῆς,</span> <span class='ocrx_word' id='word_1_460' title='bbox 1313 5361 1371 5410; x_wconf 74' lang='grc' dir='ltr'><strong>ἐν</strong></span> <span class='ocrx_word' id='word_1_461' title='bbox 1402 5352 1648 5429; x_wconf 82' lang='grc' dir='ltr'>ᾖπρὼτη</span> <span class='ocrx_word' id='word_1_462' title='bbox 1689 5357 1893 5426; x_wconf 71' lang='grc' dir='ltr'>μητρό-</span> 
     </span>
    </p>
   </div>
   <div class='ocr_carea' id='block_1_63' title="bbox 322 5437 1896 5510">
    <p class='ocr_par' dir='ltr' id='par_1_63' title="bbox 322 5437 1896 5510">
     <span class='ocr_line' id='line_1_63' title="bbox 322 5437 1896 5510; baseline 0.003 -22"><span class='ocrx_word' id='word_1_463' title='bbox 322 5437 476 5497; x_wconf 85' lang='grc' dir='ltr'>πολις</span> <span class='ocrx_word' id='word_1_464' title='bbox 525 5437 586 5489; x_wconf 77' lang='grc' dir='ltr'>τὸ</span> <span class='ocrx_word' id='word_1_465' title='bbox 635 5437 933 5507; x_wconf 81' lang='grc' dir='ltr'>Πηλούσιον</span> <span class='ocrx_word' id='word_1_466' title='bbox 966 5451 1018 5493; x_wconf 89' lang='lat' dir='ltr'><strong>ct</strong></span> <span class='ocrx_word' id='word_1_467' title='bbox 1044 5456 1164 5494; x_wconf 82' lang='lat' dir='ltr'><strong>mox</strong></span> <span class='ocrx_word' id='word_1_468' title='bbox 1200 5443 1297 5510; x_wconf 77' lang='grc' dir='ltr'><strong>τὴν</strong></span> <span class='ocrx_word' id='word_1_469' title='bbox 1330 5441 1590 5510; x_wconf 76' lang='grc' dir='ltr'>δευτέραν</span> <span class='ocrx_word' id='word_1_470' title='bbox 1630 5442 1896 5509; x_wconf 79' lang='grc' dir='ltr'>ἐπαρχίαν</span> 
     </span>
    </p>
   </div>
   <div class='ocr_carea' id='block_1_64' title="bbox 323 5522 1895 5592">
    <p class='ocr_par' dir='ltr' id='par_1_64' title="bbox 323 5522 1895 5592">
     <span class='ocr_line' id='line_1_64' title="bbox 323 5522 1895 5592; baseline 0.004 -20"><span class='ocrx_word' id='word_1_471' title='bbox 323 5522 636 5590; x_wconf 78' lang='grc' dir='ltr'>Σταμνικῆς</span> <span class='ocrx_word' id='word_1_472' title='bbox 658 5522 903 5586; x_wconf 88' lang='lat' dir='ltr'><strong>haberet,</strong></span> <span class='ocrx_word' id='word_1_473' title='bbox 924 5525 1394 5592; x_wconf 86' lang='lat' dir='ltr'><strong>suspicionemque</strong></span> <span class='ocrx_word' id='word_1_474' title='bbox 1415 5525 1660 5591; x_wconf 78' lang='lat' dir='ltr'><strong>injiceret</strong></span> <span class='ocrx_word' id='word_1_475' title='bbox 1691 5529 1895 5579; x_wconf 87' lang='lat' dir='ltr'><strong>scriorc</strong></span> 
     </span>
    </p>
   </div>
   <div class='ocr_carea' id='block_1_65' title="bbox 321 5607 1895 5680">
    <p class='ocr_par' dir='ltr' id='par_1_65' title="bbox 321 5607 1895 5680">
     <span class='ocr_line' id='line_1_65' title="bbox 321 5607 1895 5680; baseline 0.003 -22"><span class='ocrx_word' id='word_1_476' title='bbox 321 5621 435 5658; x_wconf 77' lang='lat' dir='ltr'><strong>:evo</strong></span> <span class='ocrx_word' id='word_1_477' title='bbox 461 5607 790 5661; x_wconf 84' lang='lat' dir='ltr'><strong>Stamnicam</strong></span> <span class='ocrx_word' id='word_1_478' title='bbox 811 5609 1137 5676; x_wconf 87' lang='lat' dir='ltr'><strong>provinciam</strong></span> <span class='ocrx_word' id='word_1_479' title='bbox 1165 5623 1260 5677; x_wconf 91' lang='lat' dir='ltr'><strong>pro</strong></span> <span class='ocrx_word' id='word_1_480' title='bbox 1281 5610 1698 5680; x_wconf 80' lang='lat' dir='ltr'><strong>Augustamnica</strong></span> <span class='ocrx_word' id='word_1_481' title='bbox 1731 5610 1895 5663; x_wconf 75' lang='lat' dir='ltr'><strong>fuisse</strong></span> 
     </span>
    </p>
   </div>
   <div class='ocr_carea' id='block_1_66' title="bbox 323 5691 1892 5770">
    <p class='ocr_par' dir='ltr' id='par_1_66' title="bbox 323 5691 1892 5770">
     <span class='ocr_line' id='line_1_66' title="bbox 323 5691 1892 5770; baseline 0.003 -26"><span class='ocrx_word' id='word_1_482' title='bbox 323 5699 657 5761; x_wconf 87' lang='lat' dir='ltr'><strong>usurpatam.</strong></span> <span class='ocrx_word' id='word_1_483' title='bbox 691 5691 866 5748; x_wconf 88' lang='lat' dir='ltr'><strong>Latini</strong></span> <span class='ocrx_word' id='word_1_484' title='bbox 915 5695 1392 5770; x_wconf 77' lang='lat' dir='ltr'><strong>Augustamnicam</strong></span> <span class='ocrx_word' id='word_1_485' title='bbox 1431 5703 1483 5750; x_wconf 88' lang='lat' dir='ltr'><strong>et</strong></span> <span class='ocrx_word' id='word_1_486' title='bbox 1545 5695 1892 5764; x_wconf 80' lang='lat' dir='ltr'><strong>Augustani-</strong></span> 
     </span>
    </p>
   </div>
   <div class='ocr_carea' id='block_1_67' title="bbox 1141 256 2694 322">
    <p class='ocr_par' dir='ltr' id='par_1_67' title="bbox 1141 256 2694 322">
     <span class='ocr_line' id='line_1_67' title="bbox 1141 256 2694 322; baseline 0.002 -4"><span class='ocrx_word' id='word_1_487' title='bbox 1141 259 1528 321; x_wconf 77' lang='lat' dir='ltr'><strong>COMMENT.</strong></span> <span class='ocrx_word' id='word_1_488' title='bbox 1571 258 1653 318; x_wconf 86' lang='lat' dir='ltr'><strong>IN</strong></span> <span class='ocrx_word' id='word_1_489' title='bbox 1695 256 2115 316; x_wconf 81' lang='lat' dir='ltr'><strong>HIEROCLIS</strong></span> <span class='ocrx_word' id='word_1_490' title='bbox 2153 259 2694 322; x_wconf 62' lang='lat' dir='ltr'><strong>SINECDEMUM.</strong></span> 
     </span>
    </p>
   </div>
   <div class='ocr_carea' id='block_1_68' title="bbox 3447 266 3583 334">
    <p class='ocr_par' dir='ltr' id='par_1_68' title="bbox 3447 266 3583 334">
     <span class='ocr_line' id='line_1_68' title="bbox 3447 266 3583 334; baseline 0.037 -5"><span class='ocrx_word' id='word_1_491' title='bbox 3447 266 3583 334; x_wconf 89' lang='grc'>1186</span> 
     </span>
    </p>
   </div>
   <div class='ocr_carea' id='block_1_69' title="bbox 2006 377 3584 455">
    <p class='ocr_par' dir='ltr' id='par_1_69' title="bbox 2006 377 3584 455">
     <span class='ocr_line' id='line_1_69' title="bbox 2006 377 3584 455; baseline 0.011 -30"><span class='ocrx_word' id='word_1_492' title='bbox 2006 387 2146 438; x_wconf 85' lang='lat' dir='ltr'><strong>cam,</strong></span> <span class='ocrx_word' id='word_1_493' title='bbox 2179 391 2281 442; x_wconf 91' lang='lat' dir='ltr'><strong>qua</strong></span> <span class='ocrx_word' id='word_1_494' title='bbox 2316 380 2379 427; x_wconf 80' lang='lat' dir='ltr'><strong>de</strong></span> <span class='ocrx_word' id='word_1_495' title='bbox 2433 377 2596 430; x_wconf 88' lang='lat' dir='ltr'><strong>llenr.</strong></span> <span class='ocrx_word' id='word_1_496' title='bbox 2639 377 2880 433; x_wconf 84' lang='lat' dir='ltr'><strong>Valesius</strong></span> <span class='ocrx_word' id='word_1_497' title='bbox 2927 381 2979 434; x_wconf 94' lang='lat' dir='ltr'><strong>in</strong></span> <span class='ocrx_word' id='word_1_498' title='bbox 3019 381 3283 438; x_wconf 77' lang='lat' dir='ltr'><strong>Ammian.</strong></span> <span class='ocrx_word' id='word_1_499' title='bbox 3317 400 3450 450; x_wconf 76' lang='lat' dir='ltr'><strong>xxii,</strong></span> <span class='ocrx_word' id='word_1_500' title='bbox 3498 388 3584 455; x_wconf 89' lang='lat' dir='ltr'><strong>l6,</strong></span> 
     </span>
    </p>
   </div>
   <div class='ocr_carea' id='block_1_70' title="bbox 2003 458 3587 539">
    <p class='ocr_par' dir='ltr' id='par_1_70' title="bbox 2003 458 3587 539">
     <span class='ocr_line' id='line_1_70' title="bbox 2003 458 3587 539; baseline 0.011 -31"><span class='ocrx_word' id='word_1_501' title='bbox 2003 458 2278 520; x_wconf 76' lang='lat' dir='ltr'><strong>vocitant;</strong></span> <span class='ocrx_word' id='word_1_502' title='bbox 2326 459 2658 539; x_wconf 75' lang='lat' dir='ltr'><strong>Epiphanius</strong></span> <span class='ocrx_word' id='word_1_503' title='bbox 2712 463 2929 525; x_wconf 70' lang='lat' dir='ltr'><strong>Ila’res,</strong></span> <span class='ocrx_word' id='word_1_504' title='bbox 2987 464 3054 519; x_wconf 78' lang='lat'><strong>75</strong></span> <span class='ocrx_word' id='word_1_505' title='bbox 3109 481 3159 522; x_wconf 91' lang='lat' dir='ltr'><strong>c.</strong></span> <span class='ocrx_word' id='word_1_506' title='bbox 3208 467 3325 531; x_wconf 69' lang='lat'><strong>26.,</strong></span> <span class='ocrx_word' id='word_1_507' title='bbox 3375 472 3587 539; x_wconf 76' lang='grc' dir='ltr'>Αὐγου-</span> 
     </span>
    </p>
   </div>
   <div class='ocr_carea' id='block_1_71' title="bbox 2002 532 3589 621">
    <p class='ocr_par' dir='ltr' id='par_1_71' title="bbox 2002 532 3589 621">
     <span class='ocr_line' id='line_1_71' title="bbox 2002 532 3589 621; baseline 0.012 -32"><span class='ocrx_word' id='word_1_508' title='bbox 2002 539 2282 610; x_wconf 85' lang='grc' dir='ltr'>στανίκην,</span> <span class='ocrx_word' id='word_1_509' title='bbox 2324 532 2557 611; x_wconf 76' lang='lat' dir='ltr'><strong>Cyrillus</strong></span> <span class='ocrx_word' id='word_1_510' title='bbox 2581 545 2742 612; x_wconf 90' lang='lat' dir='ltr'><strong>epist.</strong></span> <span class='ocrx_word' id='word_1_511' title='bbox 2772 549 2836 598; x_wconf 83' lang='lat' dir='ltr'><strong>ad</strong></span> <span class='ocrx_word' id='word_1_512' title='bbox 2863 547 3104 602; x_wconf 88' lang='lat' dir='ltr'><strong>Atticum</strong></span> <span class='ocrx_word' id='word_1_513' title='bbox 3151 565 3203 618; x_wconf 91' lang='lat' dir='ltr'><strong>p.</strong></span> <span class='ocrx_word' id='word_1_514' title='bbox 3241 549 3346 605; x_wconf 73' lang='lat'><strong>205</strong></span> <span class='ocrx_word' id='word_1_515' title='bbox 3388 532 3589 621; x_wconf 49' lang='grc' dir='ltr'>Αὐχου-</span> 
     </span>
    </p>
   </div>
   <div class='ocr_carea' id='block_1_72' title="bbox 2005 623 3584 707">
    <p class='ocr_par' dir='ltr' id='par_1_72' title="bbox 2005 623 3584 707">
     <span class='ocr_line' id='line_1_72' title="bbox 2005 623 3584 707; baseline 0.014 -34"><span class='ocrx_word' id='word_1_516' title='bbox 2005 623 2291 707; x_wconf 82' lang='grc' dir='ltr'>σταλικήν.</span> <span class='ocrx_word' id='word_1_517' title='bbox 2329 626 2650 696; x_wconf 84' lang='lat' dir='ltr'><strong>Speculator</strong></span> <span class='ocrx_word' id='word_1_518' title='bbox 2682 632 2740 682; x_wconf 87' lang='grc' dir='ltr'>ὲν</span> <span class='ocrx_word' id='word_1_519' title='bbox 2779 634 2840 702; x_wconf 82' lang='grc' dir='ltr'>τῇ</span> <span class='ocrx_word' id='word_1_520' title='bbox 2903 633 3347 707; x_wconf 80' lang='grc' dir='ltr'>Λύγουσταλιανῇ</span> <span class='ocrx_word' id='word_1_521' title='bbox 3409 651 3492 694; x_wconf 88' lang='lat' dir='ltr'><strong>est</strong></span> <span class='ocrx_word' id='word_1_522' title='bbox 3533 643 3584 694; x_wconf 90' lang='lat' dir='ltr'><strong>in</strong></span> 
     </span>
    </p>
   </div>
   <div class='ocr_carea' id='block_1_73' title="bbox 2001 706 3588 782">
    <p class='ocr_par' dir='ltr' id='par_1_73' title="bbox 2001 706 3588 782">
     <span class='ocr_line' id='line_1_73' title="bbox 2001 706 3588 782; baseline 0.011 -24"><span class='ocrx_word' id='word_1_523' title='bbox 2001 706 2280 762; x_wconf 85' lang='lat' dir='ltr'><strong>Athanasii</strong></span> <span class='ocrx_word' id='word_1_524' title='bbox 2307 710 2495 764; x_wconf 87' lang='lat' dir='ltr'><strong>eadem</strong></span> <span class='ocrx_word' id='word_1_525' title='bbox 2524 712 2744 782; x_wconf 84' lang='lat' dir='ltr'><strong>Apolog.</strong></span> <span class='ocrx_word' id='word_1_526' title='bbox 2777 728 2830 781; x_wconf 92' lang='lat' dir='ltr'><strong>p.</strong></span> <span class='ocrx_word' id='word_1_527' title='bbox 2867 714 2988 779; x_wconf 87' lang='grc'>199,</span> <span class='ocrx_word' id='word_1_528' title='bbox 3024 717 3116 769; x_wconf 88' lang='lat' dir='ltr'><strong>sed</strong></span> <span class='ocrx_word' id='word_1_529' title='bbox 3147 718 3188 772; x_wconf 93' lang='lat' dir='ltr'><strong>is</strong></span> <span class='ocrx_word' id='word_1_530' title='bbox 3217 706 3458 775; x_wconf 88' lang='lat' dir='ltr'><strong>cohortis</strong></span> <span class='ocrx_word' id='word_1_531' title='bbox 3489 723 3588 776; x_wconf 83' lang='lat' dir='ltr'><strong>fuit</strong></span> 
     </span>
    </p>
   </div>
   <div class='ocr_carea' id='block_1_74' title="bbox 2003 793 3584 866">
    <p class='ocr_par' dir='ltr' id='par_1_74' title="bbox 2003 793 3584 866">
     <span class='ocr_line' id='line_1_74' title="bbox 2003 793 3584 866; baseline 0.01 -23"><span class='ocrx_word' id='word_1_532' title='bbox 2003 793 2429 860; x_wconf 72' lang='lat' dir='ltr'><strong>Augustalianre,</strong></span> <span class='ocrx_word' id='word_1_533' title='bbox 2494 794 2648 863; x_wconf 84' lang='lat' dir='ltr'><strong>cujus</strong></span> <span class='ocrx_word' id='word_1_534' title='bbox 2703 797 2834 866; x_wconf 87' lang='lat' dir='ltr'><strong>imp.</strong></span> <span class='ocrx_word' id='word_1_535' title='bbox 2888 797 3226 856; x_wconf 84' lang='lat' dir='ltr'><strong>.Iustinianus</strong></span> <span class='ocrx_word' id='word_1_536' title='bbox 3275 803 3448 858; x_wconf 81' lang='lat' dir='ltr'><strong>Edict.</strong></span> <span class='ocrx_word' id='word_1_537' title='bbox 3489 821 3584 859; x_wconf 75' lang='lat' dir='ltr'><strong>xm</strong></span> 
     </span>
    </p>
   </div>
   <div class='ocr_carea' id='block_1_75' title="bbox 2001 873 3582 950">
    <p class='ocr_par' dir='ltr' id='par_1_75' title="bbox 2001 873 3582 950">
     <span class='ocr_line' id='line_1_75' title="bbox 2001 873 3582 950; baseline 0.009 -24"><span class='ocrx_word' id='word_1_538' title='bbox 2001 891 2048 928; x_wconf 90' lang='lat' dir='ltr'><strong>c.</strong></span> <span class='ocrx_word' id='word_1_539' title='bbox 2073 873 2106 926; x_wconf 72' lang='grc'><strong>2</strong></span> <span class='ocrx_word' id='word_1_540' title='bbox 2140 876 2403 929; x_wconf 86' lang='lat' dir='ltr'><strong>meminit.</strong></span> <span class='ocrx_word' id='word_1_541' title='bbox 2438 877 2585 931; x_wconf 90' lang='lat' dir='ltr'><strong>Dicta</strong></span> <span class='ocrx_word' id='word_1_542' title='bbox 2611 878 3032 947; x_wconf 81' lang='lat' dir='ltr'><strong>Augustamnica</strong></span> <span class='ocrx_word' id='word_1_543' title='bbox 3053 887 3118 937; x_wconf 93' lang='lat' dir='ltr'><strong>ab</strong></span> <span class='ocrx_word' id='word_1_544' title='bbox 3144 899 3302 940; x_wconf 85' lang='lat' dir='ltr'><strong>amne</strong></span> <span class='ocrx_word' id='word_1_545' title='bbox 3330 885 3452 942; x_wconf 83' lang='lat' dir='ltr'><strong>Nilo</strong></span> <span class='ocrx_word' id='word_1_546' title='bbox 3477 898 3582 950; x_wconf 83' lang='lat' dir='ltr'><strong>est.</strong></span> 
     </span>
    </p>
   </div>
   <div class='ocr_carea' id='block_1_76' title="bbox 2001 959 3584 1029">
    <p class='ocr_par' dir='ltr' id='par_1_76' title="bbox 2001 959 3584 1029">
     <span class='ocr_line' id='line_1_76' title="bbox 2001 959 3584 1029; baseline 0.011 -21"><span class='ocrx_word' id='word_1_547' title='bbox 2001 973 2157 1023; x_wconf 74' lang='lat' dir='ltr'><strong>quem</strong></span> <span class='ocrx_word' id='word_1_548' title='bbox 2191 972 2405 1010; x_wconf 89' lang='lat' dir='ltr'><strong>amnem</strong></span> <span class='ocrx_word' id='word_1_549' title='bbox 2436 959 2736 1029; x_wconf 81' lang='lat' dir='ltr'><strong>Augustum</strong></span> <span class='ocrx_word' id='word_1_550' title='bbox 2791 965 3101 1020; x_wconf 85' lang='lat' dir='ltr'><strong>nominasse</strong></span> <span class='ocrx_word' id='word_1_551' title='bbox 3132 967 3402 1024; x_wconf 89' lang='lat' dir='ltr'><strong>videntur.</strong></span> <span class='ocrx_word' id='word_1_552' title='bbox 3454 970 3584 1024; x_wconf 87' lang='lat' dir='ltr'><strong>Pro-</strong></span> 
     </span>
    </p>
   </div>
   <div class='ocr_carea' id='block_1_77' title="bbox 2003 1040 3586 1121">
    <p class='ocr_par' dir='ltr' id='par_1_77' title="bbox 2003 1040 3586 1121">
     <span class='ocr_line' id='line_1_77' title="bbox 2003 1040 3586 1121; baseline 0.011 -32"><span class='ocrx_word' id='word_1_553' title='bbox 2003 1040 2191 1121; x_wconf 51' lang='lat' dir='ltr'><strong>finrim</strong></span> <span class='ocrx_word' id='word_1_554' title='bbox 2223 1051 2586 1094; x_wconf 88' lang='lat' dir='ltr'><strong>correctorem</strong></span> <span class='ocrx_word' id='word_1_555' title='bbox 2619 1053 2672 1096; x_wconf 92' lang='lat' dir='ltr'><strong>et</strong></span> <span class='ocrx_word' id='word_1_556' title='bbox 2709 1045 2915 1098; x_wconf 80' lang='lat' dir='ltr'><strong>Notitia</strong></span> <span class='ocrx_word' id='word_1_557' title='bbox 2952 1046 3206 1114; x_wconf 85' lang='lat' dir='ltr'><strong>imposuit</strong></span> <span class='ocrx_word' id='word_1_558' title='bbox 3236 1067 3282 1102; x_wconf 91' lang='lat' dir='ltr'><strong>c.</strong></span> <span class='ocrx_word' id='word_1_559' title='bbox 3311 1053 3362 1116; x_wconf 91' lang='grc'>1,</span> <span class='ocrx_word' id='word_1_560' title='bbox 3397 1063 3586 1121; x_wconf 87' lang='lat' dir='ltr'><strong>estque</strong></span> 
     </span>
    </p>
   </div>
   <div class='ocr_carea' id='block_1_78' title="bbox 2004 1113 3585 1205">
    <p class='ocr_par' dir='ltr' id='par_1_78' title="bbox 2004 1113 3585 1205">
     <span class='ocr_line' id='line_1_78' title="bbox 2004 1113 3585 1205; baseline 0.015 -39"><span class='ocrx_word' id='word_1_561' title='bbox 2004 1113 2190 1205; x_wconf 39' lang='lat' dir='ltr'><strong>ls-idori</strong></span> <span class='ocrx_word' id='word_1_562' title='bbox 2229 1120 2516 1205; x_wconf 70' lang='lat' dir='ltr'><strong>Pelusiotae</strong></span> <span class='ocrx_word' id='word_1_563' title='bbox 2552 1125 2591 1176; x_wconf 93' lang='grc' dir='ltr'><strong>Ι.</strong></span> <span class='ocrx_word' id='word_1_564' title='bbox 2629 1125 2688 1187; x_wconf 74' lang='grc'>2,</span> <span class='ocrx_word' id='word_1_565' title='bbox 2719 1141 2804 1194; x_wconf 83' lang='lat' dir='ltr'><strong>ep.</strong></span> <span class='ocrx_word' id='word_1_566' title='bbox 2845 1129 2912 1181; x_wconf 81' lang='grc'>15</span> <span class='ocrx_word' id='word_1_567' title='bbox 2954 1113 3405 1198; x_wconf 59' lang='grc' dir='ltr'>εὐδοιτψίοιιοῖη</span> <span class='ocrx_word' id='word_1_568' title='bbox 3440 1113 3585 1205; x_wconf 75' lang='grc' dir='ltr'>Κορ-</span> 
     </span>
    </p>
   </div>
   <div class='ocr_carea' id='block_1_79' title="bbox 2006 1198 3581 1281">
    <p class='ocr_par' dir='ltr' id='par_1_79' title="bbox 2006 1198 3581 1281">
     <span class='ocr_line' id='line_1_79' title="bbox 2006 1198 3581 1281; baseline 0.015 -33"><span class='ocrx_word' id='word_1_569' title='bbox 2006 1198 2256 1266; x_wconf 83' lang='grc' dir='ltr'>ρίκτορα,</span> <span class='ocrx_word' id='word_1_570' title='bbox 2287 1214 2342 1258; x_wconf 87' lang='lat' dir='ltr'><strong>et</strong></span> <span class='ocrx_word' id='word_1_571' title='bbox 2377 1204 2558 1272; x_wconf 81' lang='lat' dir='ltr'><strong>plures</strong></span> <span class='ocrx_word' id='word_1_572' title='bbox 2594 1208 2658 1259; x_wconf 91' lang='lat' dir='ltr'><strong>ad</strong></span> <span class='ocrx_word' id='word_1_573' title='bbox 2691 1209 2987 1263; x_wconf 85' lang='lat' dir='ltr'><strong>Ausonium</strong></span> <span class='ocrx_word' id='word_1_574' title='bbox 3015 1225 3399 1281; x_wconf 91' lang='lat' dir='ltr'><strong>correctorem,</strong></span> <span class='ocrx_word' id='word_1_575' title='bbox 3442 1228 3500 1270; x_wconf 90' lang='lat' dir='ltr'><strong>ut</strong></span> <span class='ocrx_word' id='word_1_576' title='bbox 3525 1198 3581 1272; x_wconf 74' lang='grc' dir='ltr'><strong>Ἰ.</strong></span> 
     </span>
    </p>
   </div>
   <div class='ocr_carea' id='block_1_80' title="bbox 2009 1281 3050 1359">
    <p class='ocr_par' dir='ltr' id='par_1_80' title="bbox 2009 1281 3050 1359">
     <span class='ocr_line' id='line_1_80' title="bbox 2009 1281 3050 1359; baseline 0.013 -28"><span class='ocrx_word' id='word_1_577' title='bbox 2009 1295 2022 1331; x_wconf 86' lang='grc' dir='ltr'><strong>ι</strong></span> <span class='ocrx_word' id='word_1_578' title='bbox 2053 1295 2139 1347; x_wconf 83' lang='lat' dir='ltr'><strong>ep.</strong></span> <span class='ocrx_word' id='word_1_579' title='bbox 2173 1281 2274 1334; x_wconf 88' lang='grc'><strong>116</strong></span> <span class='ocrx_word' id='word_1_580' title='bbox 2306 1295 2362 1336; x_wconf 90' lang='lat' dir='ltr'><strong>et</strong></span> <span class='ocrx_word' id='word_1_581' title='bbox 2392 1285 2452 1340; x_wconf 86' lang='lat' dir='ltr'><strong>L.</strong></span> <span class='ocrx_word' id='word_1_582' title='bbox 2480 1289 2515 1340; x_wconf 71' lang='grc'><strong>2</strong></span> <span class='ocrx_word' id='word_1_583' title='bbox 2536 1304 2623 1356; x_wconf 91' lang='lat' dir='ltr'><strong>ep.</strong></span> <span class='ocrx_word' id='word_1_584' title='bbox 2655 1289 2726 1341; x_wconf 71' lang='lat'><strong>25</strong></span> <span class='ocrx_word' id='word_1_585' title='bbox 2746 1299 2797 1343; x_wconf 92' lang='lat' dir='ltr'><strong>et</strong></span> <span class='ocrx_word' id='word_1_586' title='bbox 2829 1293 3050 1359; x_wconf 91' lang='lat' dir='ltr'><strong>passim.</strong></span> 
     </span>
    </p>
   </div>
   <div class='ocr_carea' id='block_1_81' title="bbox 2074 1361 3581 1444">
    <p class='ocr_par' dir='ltr' id='par_1_81' title="bbox 2074 1361 3581 1444">
     <span class='ocr_line' id='line_1_81' title="bbox 2074 1361 3581 1444; baseline 0.015 -30"><span class='ocrx_word' id='word_1_587' title='bbox 2074 1361 2206 1444; x_wconf 83' lang='lat' dir='ltr'><strong>Ibid.</strong></span> <span class='ocrx_word' id='word_1_588' title='bbox 2229 1364 2678 1438; x_wconf 76' lang='grc' dir='ltr'>Ῥινοκόρουρα.</span> <span class='ocrx_word' id='word_1_589' title='bbox 2723 1372 2838 1427; x_wconf 91' lang='lat' dir='ltr'><strong>Non</strong></span> <span class='ocrx_word' id='word_1_590' title='bbox 2882 1376 2996 1428; x_wconf 68' lang='lat' dir='ltr'><strong>haec</strong></span> <span class='ocrx_word' id='word_1_591' title='bbox 3037 1381 3330 1444; x_wconf 66' lang='lat' dir='ltr'><strong>provincia:</strong></span> <span class='ocrx_word' id='word_1_592' title='bbox 3378 1390 3581 1436; x_wconf 88' lang='lat' dir='ltr'><strong>metro-</strong></span> 
     </span>
    </p>
   </div>
   <div class='ocr_carea' id='block_1_82' title="bbox 2004 1442 3582 1530">
    <p class='ocr_par' dir='ltr' id='par_1_82' title="bbox 2004 1442 3582 1530">
     <span class='ocr_line' id='line_1_82' title="bbox 2004 1442 3582 1530; baseline 0.015 -35"><span class='ocrx_word' id='word_1_593' title='bbox 2004 1442 2164 1530; x_wconf 78' lang='lat' dir='ltr'><strong>polis,</strong></span> <span class='ocrx_word' id='word_1_594' title='bbox 2191 1447 2286 1500; x_wconf 91' lang='lat' dir='ltr'><strong>sed</strong></span> <span class='ocrx_word' id='word_1_595' title='bbox 2308 1446 2603 1516; x_wconf 81' lang='lat' dir='ltr'><strong>Pelusium,</strong></span> <span class='ocrx_word' id='word_1_596' title='bbox 2636 1464 2693 1508; x_wconf 91' lang='lat' dir='ltr'><strong>ut</strong></span> <span class='ocrx_word' id='word_1_597' title='bbox 2725 1471 2790 1510; x_wconf 74' lang='lat' dir='ltr'><strong>ex</strong></span> <span class='ocrx_word' id='word_1_598' title='bbox 2825 1457 2944 1512; x_wconf 87' lang='lat' dir='ltr'><strong>Nilo</strong></span> <span class='ocrx_word' id='word_1_599' title='bbox 2967 1442 3296 1530; x_wconf 83' lang='lat' dir='ltr'><strong>Doxopatrio</strong></span> <span class='ocrx_word' id='word_1_600' title='bbox 3328 1465 3582 1522; x_wconf 87' lang='lat' dir='ltr'><strong>vidimus.</strong></span> 
     </span>
    </p>
   </div>
   <div class='ocr_carea' id='block_1_83' title="bbox 2006 1527 3585 1605">
    <p class='ocr_par' dir='ltr' id='par_1_83' title="bbox 2006 1527 3585 1605">
     <span class='ocr_line' id='line_1_83' title="bbox 2006 1527 3585 1605; baseline 0.015 -24"><span class='ocrx_word' id='word_1_601' title='bbox 2006 1527 2212 1583; x_wconf 85' lang='lat' dir='ltr'><strong>Plinius</strong></span> <span class='ocrx_word' id='word_1_602' title='bbox 2250 1541 2402 1585; x_wconf 77' lang='lat' dir='ltr'><strong>extra</strong></span> <span class='ocrx_word' id='word_1_603' title='bbox 2443 1532 2660 1605; x_wconf 63' lang='lat' dir='ltr'><strong>Egypti</strong></span> <span class='ocrx_word' id='word_1_604' title='bbox 2712 1542 2969 1596; x_wconf 90' lang='lat' dir='ltr'><strong>terminos</strong></span> <span class='ocrx_word' id='word_1_605' title='bbox 3017 1543 3051 1595; x_wconf 88' lang='lat'><strong>5</strong></span> <span class='ocrx_word' id='word_1_606' title='bbox 3093 1527 3158 1596; x_wconf 72' lang='lat' dir='ltr'><strong>l9.</strong></span> <span class='ocrx_word' id='word_1_607' title='bbox 3201 1545 3585 1604; x_wconf 83' lang='lat' dir='ltr'><strong>Rhinocorura</strong></span> 
     </span>
    </p>
   </div>
   <div class='ocr_carea' id='block_1_84' title="bbox 2005 1613 3583 1700">
    <p class='ocr_par' dir='ltr' id='par_1_84' title="bbox 2005 1613 3583 1700">
     <span class='ocr_line' id='line_1_84' title="bbox 2005 1613 3583 1700; baseline 0.015 -34"><span class='ocrx_word' id='word_1_608' title='bbox 2005 1613 2165 1668; x_wconf 87' lang='lat' dir='ltr'><strong>local.</strong></span> <span class='ocrx_word' id='word_1_609' title='bbox 2190 1613 2389 1700; x_wconf 67' lang='lat' dir='ltr'><strong>Nostro</strong></span> <span class='ocrx_word' id='word_1_610' title='bbox 2401 1620 2742 1673; x_wconf 88' lang='lat' dir='ltr'><strong>consentiunt</strong></span> <span class='ocrx_word' id='word_1_611' title='bbox 2757 1623 3098 1691; x_wconf 69' lang='lat' dir='ltr'><strong>Ptolemaeus,</strong></span> <span class='ocrx_word' id='word_1_612' title='bbox 3116 1631 3432 1688; x_wconf 84' lang='lat' dir='ltr'><strong>Ammianus</strong></span> <span class='ocrx_word' id='word_1_613' title='bbox 3452 1650 3583 1700; x_wconf 76' lang='lat' dir='ltr'><strong>uti,</strong></span> 
     </span>
    </p>
   </div>
   <div class='ocr_carea' id='block_1_85' title="bbox 2013 1696 3582 1781">
    <p class='ocr_par' dir='ltr' id='par_1_85' title="bbox 2013 1696 3582 1781">
     <span class='ocr_line' id='line_1_85' title="bbox 2013 1696 3582 1781; baseline 0.015 -32"><span class='ocrx_word' id='word_1_614' title='bbox 2013 1697 2074 1750; x_wconf 91' lang='grc'><strong>16</strong></span> <span class='ocrx_word' id='word_1_615' title='bbox 2099 1706 2152 1750; x_wconf 89' lang='lat' dir='ltr'><strong>et</strong></span> <span class='ocrx_word' id='word_1_616' title='bbox 2189 1696 2544 1769; x_wconf 83' lang='lat' dir='ltr'><strong>Hieronymus</strong></span> <span class='ocrx_word' id='word_1_617' title='bbox 2573 1703 2625 1755; x_wconf 86' lang='lat' dir='ltr'><strong>in</strong></span> <span class='ocrx_word' id='word_1_618' title='bbox 2649 1703 2779 1757; x_wconf 80' lang='lat' dir='ltr'><strong>lsat&#39;.</strong></span> <span class='ocrx_word' id='word_1_619' title='bbox 2800 1719 2850 1759; x_wconf 91' lang='lat' dir='ltr'><strong>c.</strong></span> <span class='ocrx_word' id='word_1_620' title='bbox 2878 1721 2986 1773; x_wconf 78' lang='lat' dir='ltr'><strong>xix,</strong></span> <span class='ocrx_word' id='word_1_621' title='bbox 3020 1725 3314 1781; x_wconf 86' lang='lat' dir='ltr'><strong>omnesque</strong></span> <span class='ocrx_word' id='word_1_622' title='bbox 3346 1696 3582 1774; x_wconf 70' lang='lat' dir='ltr'><strong>Notititr.</strong></span> 
     </span>
    </p>
   </div>
   <div class='ocr_carea' id='block_1_86' title="bbox 2006 1778 2726 1853">
    <p class='ocr_par' dir='ltr' id='par_1_86' title="bbox 2006 1778 2726 1853">
     <span class='ocr_line' id='line_1_86' title="bbox 2006 1778 2726 1853; baseline 0.01 -21"><span class='ocrx_word' id='word_1_623' title='bbox 2006 1778 2142 1834; x_wconf 78' lang='lat' dir='ltr'><strong>Vide</strong></span> <span class='ocrx_word' id='word_1_624' title='bbox 2169 1780 2295 1835; x_wconf 80' lang='lat' dir='ltr'><strong>Ant.</strong></span> <span class='ocrx_word' id='word_1_625' title='bbox 2340 1783 2474 1837; x_wconf 81' lang='lat' dir='ltr'><strong>Itin.</strong></span> <span class='ocrx_word' id='word_1_626' title='bbox 2515 1801 2568 1853; x_wconf 90' lang='lat' dir='ltr'><strong>p.</strong></span> <span class='ocrx_word' id='word_1_627' title='bbox 2604 1785 2726 1839; x_wconf 72' lang='lat' dir='ltr'><strong>I52.</strong></span> 
     </span>
    </p>
   </div>
   <div class='ocr_carea' id='block_1_87' title="bbox 2076 1861 3583 1936">
    <p class='ocr_par' dir='ltr' id='par_1_87' title="bbox 2076 1861 3583 1936">
     <span class='ocr_line' id='line_1_87' title="bbox 2076 1861 3583 1936; baseline 0.015 -22"><span class='ocrx_word' id='word_1_628' title='bbox 2076 1861 2212 1918; x_wconf 89' lang='lat' dir='ltr'><strong>Ibid.</strong></span> <span class='ocrx_word' id='word_1_629' title='bbox 2252 1864 2638 1935; x_wconf 83' lang='grc' dir='ltr'>Ὀστρανίκη.</span> <span class='ocrx_word' id='word_1_630' title='bbox 2670 1869 2833 1924; x_wconf 78' lang='lat' dir='ltr'><strong>llecte</strong></span> <span class='ocrx_word' id='word_1_631' title='bbox 2864 1871 2934 1923; x_wconf 90' lang='lat' dir='ltr'><strong>ita</strong></span> <span class='ocrx_word' id='word_1_632' title='bbox 2966 1886 3068 1925; x_wconf 88' lang='lat' dir='ltr'><strong>ms.</strong></span> <span class='ocrx_word' id='word_1_633' title='bbox 3093 1874 3394 1934; x_wconf 79' lang='lat' dir='ltr'><strong>Leidensis.</strong></span> <span class='ocrx_word' id='word_1_634' title='bbox 3434 1879 3583 1936; x_wconf 86' lang='lat' dir='ltr'><strong>llaud</strong></span> 
     </span>
    </p>
   </div>
   <div class='ocr_carea' id='block_1_88' title="bbox 2006 1947 3583 2018">
    <p class='ocr_par' dir='ltr' id='par_1_88' title="bbox 2006 1947 3583 2018">
     <span class='ocr_line' id='line_1_88' title="bbox 2006 1947 3583 2018; baseline 0.011 -18"><span class='ocrx_word' id='word_1_635' title='bbox 2006 1947 2164 2017; x_wconf 78' lang='lat' dir='ltr'><strong>longe</strong></span> <span class='ocrx_word' id='word_1_636' title='bbox 2198 1949 2382 2004; x_wconf 87' lang='lat' dir='ltr'><strong>aberat</strong></span> <span class='ocrx_word' id='word_1_637' title='bbox 2433 1953 2499 2005; x_wconf 91' lang='lat' dir='ltr'><strong>ab</strong></span> <span class='ocrx_word' id='word_1_638' title='bbox 2535 1953 2667 2007; x_wconf 89' lang='lat' dir='ltr'><strong>urbe</strong></span> <span class='ocrx_word' id='word_1_639' title='bbox 2696 1953 2846 2007; x_wconf 89' lang='lat' dir='ltr'><strong>lacus</strong></span> <span class='ocrx_word' id='word_1_640' title='bbox 2880 1953 3151 2016; x_wconf 87' lang='lat' dir='ltr'><strong>Sirbonis.</strong></span> <span class='ocrx_word' id='word_1_641' title='bbox 3185 1969 3321 2016; x_wconf 86' lang='lat' dir='ltr'><strong>teste</strong></span> <span class='ocrx_word' id='word_1_642' title='bbox 3345 1965 3583 2018; x_wconf 76' lang='lat' dir='ltr'><strong>Aristide</strong></span> 
     </span>
    </p>
   </div>
   <div class='ocr_carea' id='block_1_89' title="bbox 2005 2032 3585 2101">
    <p class='ocr_par' dir='ltr' id='par_1_89' title="bbox 2005 2032 3585 2101">
     <span class='ocr_line' id='line_1_89' title="bbox 2005 2032 3585 2101; baseline 0.011 -17"><span class='ocrx_word' id='word_1_643' title='bbox 2005 2037 2223 2086; x_wconf 86' lang='lat' dir='ltr'><strong>tom.-ru</strong></span> <span class='ocrx_word' id='word_1_644' title='bbox 2257 2047 2308 2101; x_wconf 92' lang='lat' dir='ltr'><strong>p.</strong></span> <span class='ocrx_word' id='word_1_645' title='bbox 2329 2033 2454 2087; x_wconf 85' lang='grc'>591.</span> <span class='ocrx_word' id='word_1_646' title='bbox 2488 2032 2651 2088; x_wconf 88' lang='lat' dir='ltr'><strong>Plura</strong></span> <span class='ocrx_word' id='word_1_647' title='bbox 2684 2035 2749 2090; x_wconf 90' lang='lat' dir='ltr'><strong>de</strong></span> <span class='ocrx_word' id='word_1_648' title='bbox 2782 2052 2844 2090; x_wconf 91' lang='lat' dir='ltr'><strong>ea</strong></span> <span class='ocrx_word' id='word_1_649' title='bbox 2865 2047 2918 2090; x_wconf 84' lang='lat' dir='ltr'><strong>et</strong></span> <span class='ocrx_word' id='word_1_650' title='bbox 2949 2035 3107 2092; x_wconf 87' lang='lat' dir='ltr'><strong>Casio</strong></span> <span class='ocrx_word' id='word_1_651' title='bbox 3138 2053 3201 2092; x_wconf 90' lang='lat' dir='ltr'><strong>ac</strong></span> <span class='ocrx_word' id='word_1_652' title='bbox 3231 2042 3585 2101; x_wconf 81' lang='lat' dir='ltr'><strong>Pentascboe-</strong></span> 
     </span>
    </p>
   </div>
   <div class='ocr_carea' id='block_1_90' title="bbox 2005 2115 2258 2169">
    <p class='ocr_par' dir='ltr' id='par_1_90' title="bbox 2005 2115 2258 2169">
     <span class='ocr_line' id='line_1_90' title="bbox 2005 2115 2258 2169; baseline 0 -1"><span class='ocrx_word' id='word_1_653' title='bbox 2005 2129 2074 2169; x_wconf 90' lang='lat' dir='ltr'><strong>no</strong></span> <span class='ocrx_word' id='word_1_654' title='bbox 2106 2115 2258 2168; x_wconf 88' lang='lat' dir='ltr'><strong>alias.</strong></span> 
     </span>
    </p>
   </div>
   <div class='ocr_carea' id='block_1_91' title="bbox 2078 2196 3581 2273">
    <p class='ocr_par' dir='ltr' id='par_1_91' title="bbox 2078 2196 3581 2273">
     <span class='ocr_line' id='line_1_91' title="bbox 2078 2196 3581 2273; baseline 0.011 -24"><span class='ocrx_word' id='word_1_655' title='bbox 2078 2196 2210 2250; x_wconf 91' lang='lat' dir='ltr'><strong>Ibid.</strong></span> <span class='ocrx_word' id='word_1_656' title='bbox 2244 2197 2548 2266; x_wconf 61' lang='grc' dir='ltr'><strong>Ἀφνάτοτα</strong></span> <span class='ocrx_word' id='word_1_657' title='bbox 2588 2201 2682 2256; x_wconf 86' lang='lat' dir='ltr'><strong>Est</strong></span> <span class='ocrx_word' id='word_1_658' title='bbox 2724 2201 2776 2255; x_wconf 95' lang='lat' dir='ltr'><strong>in</strong></span> <span class='ocrx_word' id='word_1_659' title='bbox 2831 2201 3102 2272; x_wconf 87' lang='lat' dir='ltr'><strong>Ephesino</strong></span> <span class='ocrx_word' id='word_1_660' title='bbox 3145 2221 3196 2273; x_wconf 91' lang='lat' dir='ltr'><strong>p.</strong></span> <span class='ocrx_word' id='word_1_661' title='bbox 3251 2207 3353 2261; x_wconf 74' lang='grc'><strong>459</strong></span> <span class='ocrx_word' id='word_1_662' title='bbox 3387 2205 3581 2266; x_wconf 70' lang='lat' dir='ltr'><strong>llierax</strong></span> 
     </span>
    </p>
   </div>
   <div class='ocr_carea' id='block_1_92' title="bbox 2005 2279 3581 2352">
    <p class='ocr_par' dir='ltr' id='par_1_92' title="bbox 2005 2279 3581 2352">
     <span class='ocr_line' id='line_1_92' title="bbox 2005 2279 3581 2352; baseline 0.009 -22"><span class='ocrx_word' id='word_1_663' title='bbox 2005 2279 2290 2347; x_wconf 71' lang='lat' dir='ltr'><strong>’Atpva&#39;iou,</strong></span> <span class='ocrx_word' id='word_1_664' title='bbox 2319 2293 2726 2352; x_wconf 80' lang='lat' dir='ltr'><strong>agnoscuutque</strong></span> <span class='ocrx_word' id='word_1_665' title='bbox 2756 2286 2940 2337; x_wconf 90' lang='lat' dir='ltr'><strong>urbem</strong></span> <span class='ocrx_word' id='word_1_666' title='bbox 2975 2296 3182 2339; x_wconf 49' lang='lat' dir='ltr'><strong>cauerat</strong></span> <span class='ocrx_word' id='word_1_667' title='bbox 3211 2286 3449 2342; x_wconf 70' lang='lat' dir='ltr'><strong>Nolitite.</strong></span> <span class='ocrx_word' id='word_1_668' title='bbox 3478 2292 3581 2344; x_wconf 82' lang='lat' dir='ltr'><strong>Ca-</strong></span> 
     </span>
    </p>
   </div>
   <div class='ocr_carea' id='block_1_93' title="bbox 2003 2362 3584 2441">
    <p class='ocr_par' dir='ltr' id='par_1_93' title="bbox 2003 2362 3584 2441">
     <span class='ocr_line' id='line_1_93' title="bbox 2003 2362 3584 2441; baseline 0.006 -24"><span class='ocrx_word' id='word_1_669' title='bbox 2003 2362 2154 2417; x_wconf 88' lang='lat' dir='ltr'><strong>rolus</strong></span> <span class='ocrx_word' id='word_1_670' title='bbox 2185 2379 2214 2415; x_wconf 91' lang='lat' dir='ltr'><strong>a</strong></span> <span class='ocrx_word' id='word_1_671' title='bbox 2250 2375 2439 2419; x_wconf 89' lang='lat' dir='ltr'><strong>sancto</strong></span> <span class='ocrx_word' id='word_1_672' title='bbox 2478 2365 2642 2421; x_wconf 89' lang='lat' dir='ltr'><strong>Paulo</strong></span> <span class='ocrx_word' id='word_1_673' title='bbox 2674 2365 2803 2420; x_wconf 83' lang='lat' dir='ltr'><strong>Itin.</strong></span> <span class='ocrx_word' id='word_1_674' title='bbox 2831 2368 2954 2421; x_wconf 84' lang='lat' dir='ltr'><strong>Ant.</strong></span> <span class='ocrx_word' id='word_1_675' title='bbox 2983 2384 3036 2436; x_wconf 89' lang='lat' dir='ltr'><strong>p.</strong></span> <span class='ocrx_word' id='word_1_676' title='bbox 3077 2371 3176 2424; x_wconf 76' lang='lat' dir='ltr'><strong>t6‘2</strong></span> <span class='ocrx_word' id='word_1_677' title='bbox 3218 2371 3438 2441; x_wconf 85' lang='lat' dir='ltr'><strong>Daphno</strong></span> <span class='ocrx_word' id='word_1_678' title='bbox 3470 2376 3584 2427; x_wconf 80' lang='lat' dir='ltr'><strong>sive</strong></span> 
     </span>
    </p>
   </div>
   <div class='ocr_carea' id='block_1_94' title="bbox 2006 2446 3584 2524">
    <p class='ocr_par' dir='ltr' id='par_1_94' title="bbox 2006 2446 3584 2524">
     <span class='ocr_line' id='line_1_94' title="bbox 2006 2446 3584 2524; baseline 0.006 -26"><span class='ocrx_word' id='word_1_679' title='bbox 2006 2446 2225 2514; x_wconf 87' lang='lat' dir='ltr'><strong>Daphen</strong></span> <span class='ocrx_word' id='word_1_680' title='bbox 2283 2446 2540 2516; x_wconf 88' lang='lat' dir='ltr'><strong>Stephani</strong></span> <span class='ocrx_word' id='word_1_681' title='bbox 2575 2453 2821 2504; x_wconf 87' lang='lat' dir='ltr'><strong>eamdem</strong></span> <span class='ocrx_word' id='word_1_682' title='bbox 2879 2452 3214 2518; x_wconf 87' lang='lat' dir='ltr'><strong>arbitratur;</strong></span> <span class='ocrx_word' id='word_1_683' title='bbox 3271 2457 3355 2508; x_wconf 90' lang='lat' dir='ltr'><strong>cui</strong></span> <span class='ocrx_word' id='word_1_684' title='bbox 3408 2460 3584 2524; x_wconf 88' lang='lat' dir='ltr'><strong>suspi-</strong></span> 
     </span>
    </p>
   </div>
   <div class='ocr_carea' id='block_1_95' title="bbox 2004 2527 3582 2599">
    <p class='ocr_par' dir='ltr' id='par_1_95' title="bbox 2004 2527 3582 2599">
     <span class='ocr_line' id='line_1_95' title="bbox 2004 2527 3582 2599; baseline 0.007 -18"><span class='ocrx_word' id='word_1_685' title='bbox 2004 2527 2148 2582; x_wconf 90' lang='lat' dir='ltr'><strong>cioni</strong></span> <span class='ocrx_word' id='word_1_686' title='bbox 2183 2530 2285 2583; x_wconf 84' lang='lat' dir='ltr'><strong>etsi</strong></span> <span class='ocrx_word' id='word_1_687' title='bbox 2317 2531 2452 2585; x_wconf 89' lang='lat' dir='ltr'><strong>situs</strong></span> <span class='ocrx_word' id='word_1_688' title='bbox 2483 2532 2614 2585; x_wconf 89' lang='lat' dir='ltr'><strong>nihil</strong></span> <span class='ocrx_word' id='word_1_689' title='bbox 2642 2534 2842 2599; x_wconf 84' lang='lat' dir='ltr'><strong>obstet,</strong></span> <span class='ocrx_word' id='word_1_690' title='bbox 2876 2535 2963 2587; x_wconf 80' lang='lat' dir='ltr'><strong>vix</strong></span> <span class='ocrx_word' id='word_1_691' title='bbox 2992 2550 3049 2590; x_wconf 88' lang='lat' dir='ltr'><strong>se</strong></span> <span class='ocrx_word' id='word_1_692' title='bbox 3095 2544 3272 2588; x_wconf 91' lang='lat' dir='ltr'><strong>tamen</strong></span> <span class='ocrx_word' id='word_1_693' title='bbox 3325 2539 3462 2590; x_wconf 89' lang='lat' dir='ltr'><strong>tueri</strong></span> <span class='ocrx_word' id='word_1_694' title='bbox 3516 2554 3582 2592; x_wconf 88' lang='lat' dir='ltr'><strong>ea</strong></span> 
     </span>
    </p>
   </div>
   <div class='ocr_carea' id='block_1_96' title="bbox 2005 2613 3587 2687">
    <p class='ocr_par' dir='ltr' id='par_1_96' title="bbox 2005 2613 3587 2687">
     <span class='ocr_line' id='line_1_96' title="bbox 2005 2613 3587 2687; baseline 0.004 -21"><span class='ocrx_word' id='word_1_695' title='bbox 2005 2613 2222 2681; x_wconf 91' lang='lat' dir='ltr'><strong>poterit,</strong></span> <span class='ocrx_word' id='word_1_696' title='bbox 2249 2614 2352 2667; x_wconf 90' lang='lat' dir='ltr'><strong>nisi</strong></span> <span class='ocrx_word' id='word_1_697' title='bbox 2385 2615 2436 2667; x_wconf 91' lang='lat' dir='ltr'><strong>in</strong></span> <span class='ocrx_word' id='word_1_698' title='bbox 2463 2617 2622 2668; x_wconf 80' lang='lat' dir='ltr'><strong>aliaat</strong></span> <span class='ocrx_word' id='word_1_699' title='bbox 2652 2616 2879 2671; x_wconf 81' lang='lat' dir='ltr'><strong>formam</strong></span> <span class='ocrx_word' id='word_1_700' title='bbox 2901 2633 3094 2672; x_wconf 89' lang='lat' dir='ltr'><strong>nomen</strong></span> <span class='ocrx_word' id='word_1_701' title='bbox 3117 2619 3367 2686; x_wconf 88' lang='lat' dir='ltr'><strong>deinceps</strong></span> <span class='ocrx_word' id='word_1_702' title='bbox 3391 2635 3587 2687; x_wconf 84' lang='lat' dir='ltr'><strong>procu-</strong></span> 
     </span>
    </p>
   </div>
   <div class='ocr_carea' id='block_1_97' title="bbox 2003 2687 2623 2766">
    <p class='ocr_par' dir='ltr' id='par_1_97' title="bbox 2003 2687 2623 2766">
     <span class='ocr_line' id='line_1_97' title="bbox 2003 2687 2623 2766; baseline 0.003 -16"><span class='ocrx_word' id='word_1_703' title='bbox 2003 2687 2124 2750; x_wconf 75' lang='lat' dir='ltr'><strong>suni</strong></span> <span class='ocrx_word' id='word_1_704' title='bbox 2156 2695 2321 2748; x_wconf 81' lang='lat' dir='ltr'><strong>fuisse</strong></span> <span class='ocrx_word' id='word_1_705' title='bbox 2348 2708 2623 2766; x_wconf 89' lang='lat' dir='ltr'><strong>appareat.</strong></span> 
     </span>
    </p>
   </div>
   <div class='ocr_carea' id='block_1_98' title="bbox 2076 2779 3585 2850">
    <p class='ocr_par' dir='ltr' id='par_1_98' title="bbox 2076 2779 3585 2850">
     <span class='ocr_line' id='line_1_98' title="bbox 2076 2779 3585 2850; baseline 0.006 -19"><span class='ocrx_word' id='word_1_706' title='bbox 2076 2779 2210 2832; x_wconf 89' lang='lat' dir='ltr'><strong>Ibid.</strong></span> <span class='ocrx_word' id='word_1_707' title='bbox 2247 2779 2496 2847; x_wconf 73' lang='grc' dir='ltr'>Γέρῤας.</span> <span class='ocrx_word' id='word_1_708' title='bbox 2527 2779 2619 2836; x_wconf 90' lang='lat' dir='ltr'><strong>Sic</strong></span> <span class='ocrx_word' id='word_1_709' title='bbox 2649 2797 2760 2850; x_wconf 78' lang='lat' dir='ltr'><strong>pra:</strong></span> <span class='ocrx_word' id='word_1_710' title='bbox 2781 2799 2843 2839; x_wconf 90' lang='lat' dir='ltr'><strong>se</strong></span> <span class='ocrx_word' id='word_1_711' title='bbox 2869 2800 3001 2840; x_wconf 92' lang='lat' dir='ltr'><strong>mss.</strong></span> <span class='ocrx_word' id='word_1_712' title='bbox 3035 2786 3236 2840; x_wconf 80' lang='lat' dir='ltr'><strong>fertmt.</strong></span> <span class='ocrx_word' id='word_1_713' title='bbox 3265 2785 3585 2840; x_wconf 71' lang='lat' dir='ltr'><strong>Ptolemmus</strong></span> 
     </span>
    </p>
   </div>
   <div class='ocr_carea' id='block_1_99' title="bbox 2002 2860 3585 2937">
    <p class='ocr_par' dir='ltr' id='par_1_99' title="bbox 2002 2860 3585 2937">
     <span class='ocr_line' id='line_1_99' title="bbox 2002 2860 3585 2937; baseline 0.002 -22"><span class='ocrx_word' id='word_1_714' title='bbox 2002 2860 2270 2915; x_wconf 84' lang='lat' dir='ltr'><strong>Gerrhum</strong></span> <span class='ocrx_word' id='word_1_715' title='bbox 2318 2873 2372 2915; x_wconf 87' lang='lat' dir='ltr'><strong>et</strong></span> <span class='ocrx_word' id='word_1_716' title='bbox 2418 2873 2542 2917; x_wconf 90' lang='lat' dir='ltr'><strong>ante</strong></span> <span class='ocrx_word' id='word_1_717' title='bbox 2573 2881 2694 2917; x_wconf 88' lang='lat' dir='ltr'><strong>eum</strong></span> <span class='ocrx_word' id='word_1_718' title='bbox 2739 2865 2940 2921; x_wconf 89' lang='lat' dir='ltr'><strong>Plinius</strong></span> <span class='ocrx_word' id='word_1_719' title='bbox 2970 2884 3042 2933; x_wconf 88' lang='lat' dir='ltr'><strong>vt,</strong></span> <span class='ocrx_word' id='word_1_720' title='bbox 3078 2869 3169 2931; x_wconf 62' lang='lat'><strong>99,</strong></span> <span class='ocrx_word' id='word_1_721' title='bbox 3229 2881 3585 2937; x_wconf 77' lang='lat' dir='ltr'><strong>cognomento</strong></span> 
     </span>
    </p>
   </div>
   <div class='ocr_carea' id='block_1_100' title="bbox 2003 2945 3583 3020">
    <p class='ocr_par' dir='ltr' id='par_1_100' title="bbox 2003 2945 3583 3020">
     <span class='ocr_line' id='line_1_100' title="bbox 2003 2945 3583 3020; baseline 0.005 -24"><span class='ocrx_word' id='word_1_722' title='bbox 2003 2945 2266 3012; x_wconf 88' lang='lat' dir='ltr'><strong>Adipson,</strong></span> <span class='ocrx_word' id='word_1_723' title='bbox 2305 2955 2461 2998; x_wconf 89' lang='lat' dir='ltr'><strong>vocat</strong></span> <span class='ocrx_word' id='word_1_724' title='bbox 2501 2965 2512 2998; x_wconf 85' lang='lat'>:</span> <span class='ocrx_word' id='word_1_725' title='bbox 2546 2946 2753 3001; x_wconf 86' lang='lat' dir='ltr'><strong>Gerrba</strong></span> <span class='ocrx_word' id='word_1_726' title='bbox 2791 2948 2986 3004; x_wconf 87' lang='lat' dir='ltr'><strong>Strabo</strong></span> <span class='ocrx_word' id='word_1_727' title='bbox 3039 2967 3124 3004; x_wconf 79' lang='lat' dir='ltr'><strong>xvi</strong></span> <span class='ocrx_word' id='word_1_728' title='bbox 3165 2967 3216 3020; x_wconf 92' lang='lat' dir='ltr'><strong>p.</strong></span> <span class='ocrx_word' id='word_1_729' title='bbox 3275 2952 3396 3016; x_wconf 79' lang='grc'>760,</span> <span class='ocrx_word' id='word_1_730' title='bbox 3451 2953 3583 3004; x_wconf 90' lang='lat' dir='ltr'><strong>nihil</strong></span> 
     </span>
    </p>
   </div>
   <div class='ocr_carea' id='block_1_101' title="bbox 2004 3025 3582 3104">
    <p class='ocr_par' dir='ltr' id='par_1_101' title="bbox 2004 3025 3582 3104">
     <span class='ocr_line' id='line_1_101' title="bbox 2004 3025 3582 3104; baseline 0.006 -26"><span class='ocrx_word' id='word_1_731' title='bbox 2004 3025 2297 3080; x_wconf 89' lang='lat' dir='ltr'><strong>dissidente</strong></span> <span class='ocrx_word' id='word_1_732' title='bbox 2322 3027 2770 3096; x_wconf 77' lang='lat' dir='ltr'><strong>Peutingerorum</strong></span> <span class='ocrx_word' id='word_1_733' title='bbox 2806 3029 3032 3084; x_wconf 86' lang='lat' dir='ltr'><strong>Tabula.</strong></span> <span class='ocrx_word' id='word_1_734' title='bbox 3061 3031 3253 3086; x_wconf 85' lang='lat' dir='ltr'><strong>Nostro</strong></span> <span class='ocrx_word' id='word_1_735' title='bbox 3305 3035 3582 3104; x_wconf 85' lang='lat' dir='ltr'><strong>astipulari</strong></span> 
     </span>
    </p>
   </div>
   <div class='ocr_carea' id='block_1_102' title="bbox 2004 3109 3582 3177">
    <p class='ocr_par' dir='ltr' id='par_1_102' title="bbox 2004 3109 3582 3177">
     <span class='ocr_line' id='line_1_102' title="bbox 2004 3109 3582 3177; baseline 0.008 -16"><span class='ocrx_word' id='word_1_736' title='bbox 2004 3109 2212 3163; x_wconf 88' lang='lat' dir='ltr'><strong>videtur</strong></span> <span class='ocrx_word' id='word_1_737' title='bbox 2239 3113 2572 3166; x_wconf 79' lang='lat' dir='ltr'><strong>Sozomenus</strong></span> <span class='ocrx_word' id='word_1_738' title='bbox 2610 3111 2680 3164; x_wconf 88' lang='grc'><strong>11.</strong></span> <span class='ocrx_word' id='word_1_739' title='bbox 2718 3113 2781 3167; x_wconf 80' lang='grc' dir='ltr'><strong>Ε.</strong></span> <span class='ocrx_word' id='word_1_740' title='bbox 2817 3129 2938 3177; x_wconf 87' lang='lat' dir='ltr'><strong>vm,</strong></span> <span class='ocrx_word' id='word_1_741' title='bbox 2977 3116 3038 3168; x_wconf 91' lang='grc'><strong>19</strong></span> <span class='ocrx_word' id='word_1_742' title='bbox 3069 3137 3082 3170; x_wconf 88' lang='grc'>;</span> <span class='ocrx_word' id='word_1_743' title='bbox 3117 3117 3249 3168; x_wconf 77' lang='grc' dir='ltr'>Ἀπὸ</span> <span class='ocrx_word' id='word_1_744' title='bbox 3283 3117 3374 3169; x_wconf 79' lang='grc' dir='ltr'>τοῦ</span> <span class='ocrx_word' id='word_1_745' title='bbox 3415 3119 3582 3173; x_wconf 82' lang='grc' dir='ltr'>πελά-</span> 
     </span>
    </p>
   </div>
   <div class='ocr_carea' id='block_1_103' title="bbox 2003 3185 3580 3269">
    <p class='ocr_par' dir='ltr' id='par_1_103' title="bbox 2003 3185 3580 3269">
     <span class='ocr_line' id='line_1_103' title="bbox 2003 3185 3580 3269; baseline 0.006 -27"><span class='ocrx_word' id='word_1_746' title='bbox 2003 3209 2132 3259; x_wconf 81' lang='grc' dir='ltr'>γους</span> <span class='ocrx_word' id='word_1_747' title='bbox 2158 3185 2260 3245; x_wconf 82' lang='grc' dir='ltr'>ὦδε</span> <span class='ocrx_word' id='word_1_748' title='bbox 2299 3194 2515 3262; x_wconf 64' lang='grc' dir='ltr'>συμϐὰν</span> <span class='ocrx_word' id='word_1_749' title='bbox 2550 3197 2788 3264; x_wconf 84' lang='grc' dir='ltr'>κατῇρεν</span> <span class='ocrx_word' id='word_1_750' title='bbox 2818 3198 2897 3258; x_wconf 83' lang='grc' dir='ltr'><strong>είς</strong></span> <span class='ocrx_word' id='word_1_751' title='bbox 2929 3197 3126 3266; x_wconf 84' lang='grc' dir='ltr'>Γέραν,</span> <span class='ocrx_word' id='word_1_752' title='bbox 3167 3198 3322 3254; x_wconf 84' lang='grc' dir='ltr'>πόλιν</span> <span class='ocrx_word' id='word_1_753' title='bbox 3354 3203 3580 3269; x_wconf 74' lang='grc' dir='ltr'>μικράν.</span> 
     </span>
    </p>
   </div>
   <div class='ocr_carea' id='block_1_104' title="bbox 2003 3276 3576 3349">
    <p class='ocr_par' dir='ltr' id='par_1_104' title="bbox 2003 3276 3576 3349">
     <span class='ocr_line' id='line_1_104' title="bbox 2003 3276 3576 3349; baseline 0.007 -23"><span class='ocrx_word' id='word_1_754' title='bbox 2003 3276 2147 3346; x_wconf 54' lang='grc' dir='ltr'><strong>ἁλέφὶ</strong></span> <span class='ocrx_word' id='word_1_755' title='bbox 2189 3279 2528 3345; x_wconf 77' lang='grc' dir='ltr'>πεντήκοντα</span> <span class='ocrx_word' id='word_1_756' title='bbox 2563 3277 2750 3331; x_wconf 86' lang='grc' dir='ltr'>στάδια</span> <span class='ocrx_word' id='word_1_757' title='bbox 2783 3279 2876 3330; x_wconf 72' lang='grc' dir='ltr'>τοῦ</span> <span class='ocrx_word' id='word_1_758' title='bbox 2908 3281 3206 3349; x_wconf 82' lang='grc' dir='ltr'>Πηλουσίου</span> <span class='ocrx_word' id='word_1_759' title='bbox 3235 3283 3576 3349; x_wconf 82' lang='grc' dir='ltr'>ἀφεστῶσαν.</span> 
     </span>
    </p>
   </div>
   <div class='ocr_carea' id='block_1_105' title="bbox 2009 3357 3579 3434">
    <p class='ocr_par' dir='ltr' id='par_1_105' title="bbox 2009 3357 3579 3434">
     <span class='ocr_line' id='line_1_105' title="bbox 2009 3357 3579 3434; baseline 0.006 -24"><span class='ocrx_word' id='word_1_760' title='bbox 2009 3357 2197 3412; x_wconf 88' lang='lat' dir='ltr'><strong>Verius</strong></span> <span class='ocrx_word' id='word_1_761' title='bbox 2233 3369 2407 3412; x_wconf 90' lang='lat' dir='ltr'><strong>tamen</strong></span> <span class='ocrx_word' id='word_1_762' title='bbox 2432 3359 2698 3414; x_wconf 83' lang='lat' dir='ltr'><strong>Gcrrhum</strong></span> <span class='ocrx_word' id='word_1_763' title='bbox 2721 3362 2834 3415; x_wconf 87' lang='lat' dir='ltr'><strong>sive</strong></span> <span class='ocrx_word' id='word_1_764' title='bbox 2867 3363 3076 3416; x_wconf 82' lang='lat' dir='ltr'><strong>Gerrha</strong></span> <span class='ocrx_word' id='word_1_765' title='bbox 3103 3363 3286 3428; x_wconf 83' lang='lat' dir='ltr'><strong>fuerit,</strong></span> <span class='ocrx_word' id='word_1_766' title='bbox 3315 3365 3579 3434; x_wconf 83' lang='lat' dir='ltr'><strong>siquidem</strong></span> 
     </span>
    </p>
   </div>
   <div class='ocr_carea' id='block_1_106' title="bbox 2001 3442 3577 3521">
    <p class='ocr_par' dir='ltr' id='par_1_106' title="bbox 2001 3442 3577 3521">
     <span class='ocr_line' id='line_1_106' title="bbox 2001 3442 3577 3521; baseline 0.003 -27"><span class='ocrx_word' id='word_1_767' title='bbox 2001 3442 2109 3494; x_wconf 83' lang='grc' dir='ltr'><strong>ἀπὸ</strong></span> <span class='ocrx_word' id='word_1_768' title='bbox 2142 3443 2249 3494; x_wconf 84' lang='grc' dir='ltr'>τῶν</span> <span class='ocrx_word' id='word_1_769' title='bbox 2286 3443 2540 3513; x_wconf 80' lang='grc' dir='ltr'><strong>Γέῥρων,</strong></span> <span class='ocrx_word' id='word_1_770' title='bbox 2592 3452 2860 3512; x_wconf 87' lang='lat' dir='ltr'><strong>quatenus</strong></span> <span class='ocrx_word' id='word_1_771' title='bbox 2913 3446 3254 3499; x_wconf 71' lang='lat' dir='ltr'><strong>tabernacula</strong></span> <span class='ocrx_word' id='word_1_772' title='bbox 3279 3485 3292 3510; x_wconf 87' lang='lat'><strong>,</strong></span> <span class='ocrx_word' id='word_1_773' title='bbox 3337 3449 3577 3521; x_wconf 74' lang='grc' dir='ltr'>σκηνάς,</span> 
     </span>
    </p>
   </div>
   <div class='ocr_carea' id='block_1_107' title="bbox 2003 3525 3578 3595">
    <p class='ocr_par' dir='ltr' id='par_1_107' title="bbox 2003 3525 3578 3595">
     <span class='ocr_line' id='line_1_107' title="bbox 2003 3525 3578 3595; baseline 0.004 -19"><span class='ocrx_word' id='word_1_774' title='bbox 2003 3533 2216 3588; x_wconf 90' lang='lat' dir='ltr'><strong>notant,</strong></span> <span class='ocrx_word' id='word_1_775' title='bbox 2273 3539 2466 3578; x_wconf 88' lang='lat' dir='ltr'><strong>nomen</strong></span> <span class='ocrx_word' id='word_1_776' title='bbox 2516 3528 2848 3595; x_wconf 87' lang='lat' dir='ltr'><strong>acceperint.</strong></span> <span class='ocrx_word' id='word_1_777' title='bbox 2906 3525 3238 3582; x_wconf 90' lang='lat' dir='ltr'><strong>Scholiastes</strong></span> <span class='ocrx_word' id='word_1_778' title='bbox 3270 3528 3491 3582; x_wconf 85' lang='lat' dir='ltr'><strong>Luciani</strong></span> <span class='ocrx_word' id='word_1_779' title='bbox 3527 3531 3578 3582; x_wconf 90' lang='lat' dir='ltr'><strong>in</strong></span> 
     </span>
    </p>
   </div>
   <div class='ocr_carea' id='block_1_108' title="bbox 2001 3609 3580 3682">
    <p class='ocr_par' dir='ltr' id='par_1_108' title="bbox 2001 3609 3580 3682">
     <span class='ocr_line' id='line_1_108' title="bbox 2001 3609 3580 3682; baseline 0.003 -22"><span class='ocrx_word' id='word_1_780' title='bbox 2001 3609 2294 3678; x_wconf 77' lang='grc' dir='ltr'>’Λνάχαρσ.</span> <span class='ocrx_word' id='word_1_781' title='bbox 2339 3625 2389 3676; x_wconf 91' lang='lat' dir='ltr'><strong>p.</strong></span> <span class='ocrx_word' id='word_1_782' title='bbox 2438 3609 2508 3662; x_wconf 74' lang='lat'><strong>5?.</strong></span> <span class='ocrx_word' id='word_1_783' title='bbox 2556 3609 2684 3663; x_wconf 89' lang='lat' dir='ltr'><strong>edit.</strong></span> <span class='ocrx_word' id='word_1_784' title='bbox 2738 3611 2909 3664; x_wconf 89' lang='lat' dir='ltr'><strong>Amst.</strong></span> <span class='ocrx_word' id='word_1_785' title='bbox 2945 3627 2958 3664; x_wconf 89' lang='lat'>:</span> <span class='ocrx_word' id='word_1_786' title='bbox 3000 3612 3349 3682; x_wconf 78' lang='grc' dir='ltr'>Δημοσθένης</span> <span class='ocrx_word' id='word_1_787' title='bbox 3377 3613 3434 3664; x_wconf 81' lang='grc' dir='ltr'>δὲ</span> <span class='ocrx_word' id='word_1_788' title='bbox 3486 3614 3580 3665; x_wconf 77' lang='grc' dir='ltr'>ἐπὶ</span> 
     </span>
    </p>
   </div>
   <div class='ocr_carea' id='block_1_109' title="bbox 2000 3691 3580 3764">
    <p class='ocr_par' dir='ltr' id='par_1_109' title="bbox 2000 3691 3580 3764">
     <span class='ocr_line' id='line_1_109' title="bbox 2000 3691 3580 3764; baseline 0.005 -22"><span class='ocrx_word' id='word_1_789' title='bbox 2000 3691 2111 3742; x_wconf 82' lang='grc' dir='ltr'><strong>τῶν</strong></span> <span class='ocrx_word' id='word_1_790' title='bbox 2141 3691 2356 3758; x_wconf 82' lang='grc' dir='ltr'>σκηνῶν</span> <span class='ocrx_word' id='word_1_791' title='bbox 2386 3692 2482 3744; x_wconf 84' lang='grc' dir='ltr'>καὶ</span> <span class='ocrx_word' id='word_1_792' title='bbox 2523 3693 2634 3744; x_wconf 81' lang='grc' dir='ltr'><strong>τῶν</strong></span> <span class='ocrx_word' id='word_1_793' title='bbox 2675 3694 3150 3764; x_wconf 83' lang='grc' dir='ltr'>περιφραγμάτων</span> <span class='ocrx_word' id='word_1_794' title='bbox 3202 3696 3220 3763; x_wconf 97' lang='grc'><strong>(</strong></span> <span class='ocrx_word' id='word_1_795' title='bbox 3250 3711 3349 3763; x_wconf 90' lang='lat' dir='ltr'><strong>pro</strong></span> <span class='ocrx_word' id='word_1_796' title='bbox 3377 3695 3580 3750; x_wconf 86' lang='lat' dir='ltr'><strong>Coron.</strong></span> 
     </span>
    </p>
   </div>
   <div class='ocr_carea' id='block_1_110' title="bbox 2003 3772 3576 3844">
    <p class='ocr_par' dir='ltr' id='par_1_110' title="bbox 2003 3772 3576 3844">
     <span class='ocr_line' id='line_1_110' title="bbox 2003 3772 3576 3844; baseline 0.004 -24"><span class='ocrx_word' id='word_1_797' title='bbox 2003 3786 2057 3838; x_wconf 90' lang='lat' dir='ltr'><strong>p.</strong></span> <span class='ocrx_word' id='word_1_798' title='bbox 2102 3772 2202 3825; x_wconf 88' lang='grc'><strong>168</strong></span> <span class='ocrx_word' id='word_1_799' title='bbox 2240 3772 2326 3824; x_wconf 76' lang='lat' dir='ltr'><strong>ed.</strong></span> <span class='ocrx_word' id='word_1_800' title='bbox 2365 3773 2563 3838; x_wconf 85' lang='lat' dir='ltr'><strong>Paris.)</strong></span> <span class='ocrx_word' id='word_1_801' title='bbox 2601 3792 2618 3824; x_wconf 76' lang='grc' dir='ltr'><strong>ι</strong></span> <span class='ocrx_word' id='word_1_802' title='bbox 2662 3775 2847 3826; x_wconf 79' lang='grc' dir='ltr'>καὶτὰ</span> <span class='ocrx_word' id='word_1_803' title='bbox 2878 3776 3054 3844; x_wconf 69' lang='grc' dir='ltr'><strong>Γέρῤα</strong></span> <span class='ocrx_word' id='word_1_804' title='bbox 3083 3777 3520 3844; x_wconf 76' lang='grc' dir='ltr'>ἐνεπίμπρασαν.</span> <span class='ocrx_word' id='word_1_805' title='bbox 3557 3795 3576 3826; x_wconf 78' lang='grc' dir='ltr'><strong>ι</strong></span> 
     </span>
    </p>
   </div>
   <div class='ocr_carea' id='block_1_111' title="bbox 2003 3854 3580 3924">
    <p class='ocr_par' dir='ltr' id='par_1_111' title="bbox 2003 3854 3580 3924">
     <span class='ocr_line' id='line_1_111' title="bbox 2003 3854 3580 3924; baseline 0.004 -20"><span class='ocrx_word' id='word_1_806' title='bbox 2003 3854 2112 3904; x_wconf 79' lang='grc' dir='ltr'><strong>Καὶ</strong></span> <span class='ocrx_word' id='word_1_807' title='bbox 2151 3854 2280 3923; x_wconf 82' lang='grc' dir='ltr'>παρ’</span> <span class='ocrx_word' id='word_1_808' title='bbox 2316 3855 2632 3921; x_wconf 78' lang='grc' dir='ltr'>Αἰγυπτίοις</span> <span class='ocrx_word' id='word_1_809' title='bbox 2664 3855 2720 3908; x_wconf 88' lang='grc' dir='ltr'>δὲ</span> <span class='ocrx_word' id='word_1_810' title='bbox 2769 3855 2836 3908; x_wconf 76' lang='grc' dir='ltr'>τὰ</span> <span class='ocrx_word' id='word_1_811' title='bbox 2874 3857 3016 3907; x_wconf 79' lang='grc' dir='ltr'>κατὰ</span> <span class='ocrx_word' id='word_1_812' title='bbox 3044 3857 3104 3908; x_wconf 72' lang='grc' dir='ltr'>τὸ</span> <span class='ocrx_word' id='word_1_813' title='bbox 3149 3857 3446 3924; x_wconf 88' lang='grc' dir='ltr'>Πηλούσιον</span> <span class='ocrx_word' id='word_1_814' title='bbox 3479 3875 3580 3910; x_wconf 89' lang='grc' dir='ltr'>κα-</span> 
     </span>
    </p>
   </div>
   <div class='ocr_carea' id='block_1_112' title="bbox 2003 3931 3610 4021">
    <p class='ocr_par' dir='ltr' id='par_1_112' title="bbox 2003 3931 3610 4021">
     <span class='ocr_line' id='line_1_112' title="bbox 2003 3931 3610 4021; baseline 0.002 -34"><span class='ocrx_word' id='word_1_815' title='bbox 2003 3935 2094 3988; x_wconf 91' lang='grc' dir='ltr'><strong>λού</strong></span> <span class='ocrx_word' id='word_1_816' title='bbox 2103 3954 2263 4005; x_wconf 88' lang='grc' dir='ltr'>μενον</span> <span class='ocrx_word' id='word_1_817' title='bbox 2288 3931 2375 3989; x_wconf 80' lang='grc' dir='ltr'>διὰ</span> <span class='ocrx_word' id='word_1_818' title='bbox 2394 3937 2552 3990; x_wconf 81' lang='grc' dir='ltr'>τοῦτο</span> <span class='ocrx_word' id='word_1_819' title='bbox 2574 3937 2888 4015; x_wconf 80' lang='grc' dir='ltr'>ὠνομάσθη,</span> <span class='ocrx_word' id='word_1_820' title='bbox 2907 3939 3030 3990; x_wconf 73' lang='grc' dir='ltr'>ἐπεὶ</span> <span class='ocrx_word' id='word_1_821' title='bbox 3057 3939 3390 4008; x_wconf 84' lang='grc' dir='ltr'>σκηνώματα</span> <span class='ocrx_word' id='word_1_822' title='bbox 3407 3940 3578 4000; x_wconf 77' lang='grc' dir='ltr'>ἐστίν,</span> <span class='ocrx_word' id='word_1_823' title='bbox 3599 4010 3610 4021; x_wconf 36' lang='grc' dir='ltr'><em>ο</em></span> 
     </span>
    </p>
   </div>
   <div class='ocr_carea' id='block_1_113' title="bbox 2003 4016 3577 4092">
    <p class='ocr_par' dir='ltr' id='par_1_113' title="bbox 2003 4016 3577 4092">
     <span class='ocr_line' id='line_1_113' title="bbox 2003 4016 3577 4092; baseline 0.003 -22"><span class='ocrx_word' id='word_1_824' title='bbox 2003 4021 2060 4071; x_wconf 79' lang='grc' dir='ltr'>ἐν</span> <span class='ocrx_word' id='word_1_825' title='bbox 2117 4016 2198 4083; x_wconf 77' lang='grc' dir='ltr'>οἷς</span> <span class='ocrx_word' id='word_1_826' title='bbox 2241 4020 2758 4090; x_wconf 79' lang='grc' dir='ltr'>παραφυλάττοντες</span> <span class='ocrx_word' id='word_1_827' title='bbox 2805 4023 2904 4084; x_wconf 78' lang='grc' dir='ltr'><strong>τὰς</strong></span> <span class='ocrx_word' id='word_1_828' title='bbox 2948 4023 3190 4084; x_wconf 80' lang='grc' dir='ltr'>εἰσόδους</span> <span class='ocrx_word' id='word_1_829' title='bbox 3224 4022 3577 4092; x_wconf 75' lang='grc' dir='ltr'>διατρίϐουσι.</span> 
     </span>
    </p>
   </div>
   <div class='ocr_carea' id='block_1_114' title="bbox 2003 4102 3580 4173">
    <p class='ocr_par' dir='ltr' id='par_1_114' title="bbox 2003 4102 3580 4173">
     <span class='ocr_line' id='line_1_114' title="bbox 2003 4102 3580 4173; baseline 0 -15"><span class='ocrx_word' id='word_1_830' title='bbox 2003 4102 2219 4173; x_wconf 76' lang='lat' dir='ltr'><strong>Quibus</strong></span> <span class='ocrx_word' id='word_1_831' title='bbox 2252 4104 2425 4158; x_wconf 88' lang='lat' dir='ltr'><strong>critici</strong></span> <span class='ocrx_word' id='word_1_832' title='bbox 2461 4103 2638 4157; x_wconf 89' lang='lat' dir='ltr'><strong>verbis</strong></span> <span class='ocrx_word' id='word_1_833' title='bbox 2667 4113 2720 4157; x_wconf 91' lang='lat' dir='ltr'><strong>et</strong></span> <span class='ocrx_word' id='word_1_834' title='bbox 2752 4103 3086 4159; x_wconf 86' lang='lat' dir='ltr'><strong>Gerrhorum</strong></span> <span class='ocrx_word' id='word_1_835' title='bbox 3112 4106 3352 4172; x_wconf 89' lang='lat' dir='ltr'><strong>positura</strong></span> <span class='ocrx_word' id='word_1_836' title='bbox 3385 4107 3580 4159; x_wconf 87' lang='lat' dir='ltr'><strong>contir-</strong></span> 
     </span>
    </p>
   </div>
   <div class='ocr_carea' id='block_1_115' title="bbox 2005 4187 3579 4256">
    <p class='ocr_par' dir='ltr' id='par_1_115' title="bbox 2005 4187 3579 4256">
     <span class='ocr_line' id='line_1_115' title="bbox 2005 4187 3579 4256; baseline -0.01 -11"><span class='ocrx_word' id='word_1_837' title='bbox 2005 4202 2215 4252; x_wconf 90' lang='lat' dir='ltr'><strong>matur,</strong></span> <span class='ocrx_word' id='word_1_838' title='bbox 2247 4196 2302 4241; x_wconf 90' lang='lat' dir='ltr'><strong>et</strong></span> <span class='ocrx_word' id='word_1_839' title='bbox 2335 4187 2385 4240; x_wconf 90' lang='lat' dir='ltr'><strong>id</strong></span> <span class='ocrx_word' id='word_1_840' title='bbox 2421 4191 2695 4250; x_wconf 85' lang='lat' dir='ltr'><strong>docemur,</strong></span> <span class='ocrx_word' id='word_1_841' title='bbox 2729 4187 2896 4240; x_wconf 82' lang='lat' dir='ltr'><strong>fuisse</strong></span> <span class='ocrx_word' id='word_1_842' title='bbox 2933 4189 3001 4242; x_wconf 92' lang='lat' dir='ltr'><strong>ibi</strong></span> <span class='ocrx_word' id='word_1_843' title='bbox 3030 4189 3280 4243; x_wconf 86' lang='lat' dir='ltr'><strong>custodes</strong></span> <span class='ocrx_word' id='word_1_844' title='bbox 3299 4191 3579 4256; x_wconf 58' lang='grc' dir='ltr'><strong>δῖνα-βψω.</strong></span> 
     </span>
    </p>
   </div>
   <div class='ocr_carea' id='block_1_116' title="bbox 2003 4269 3577 4340">
    <p class='ocr_par' dir='ltr' id='par_1_116' title="bbox 2003 4269 3577 4340">
     <span class='ocr_line' id='line_1_116' title="bbox 2003 4269 3577 4340; baseline -0.003 -12"><span class='ocrx_word' id='word_1_845' title='bbox 2003 4272 2250 4328; x_wconf 85' lang='lat' dir='ltr'><strong>sidiarios</strong></span> <span class='ocrx_word' id='word_1_846' title='bbox 2279 4270 2500 4335; x_wconf 88' lang='lat' dir='ltr'><strong>milites,</strong></span> <span class='ocrx_word' id='word_1_847' title='bbox 2533 4270 2622 4336; x_wconf 82' lang='lat' dir='ltr'><strong>qui</strong></span> <span class='ocrx_word' id='word_1_848' title='bbox 2661 4269 2881 4340; x_wconf 63' lang='lat' dir='ltr'><strong>Egypti</strong></span> <span class='ocrx_word' id='word_1_849' title='bbox 2915 4271 3093 4324; x_wconf 87' lang='lat' dir='ltr'><strong>aditus</strong></span> <span class='ocrx_word' id='word_1_850' title='bbox 3131 4281 3316 4326; x_wconf 85' lang='lat' dir='ltr'><strong>contra</strong></span> <span class='ocrx_word' id='word_1_851' title='bbox 3344 4272 3577 4325; x_wconf 87' lang='lat' dir='ltr'><strong>hostium</strong></span> 
     </span>
    </p>
   </div>
   <div class='ocr_carea' id='block_1_117' title="bbox 2003 4351 3576 4411">
    <p class='ocr_par' dir='ltr' id='par_1_117' title="bbox 2003 4351 3576 4411">
     <span class='ocr_line' id='line_1_117' title="bbox 2003 4351 3576 4411; baseline -0.003 0"><span class='ocrx_word' id='word_1_852' title='bbox 2003 4358 2346 4411; x_wconf 88' lang='lat' dir='ltr'><strong>incursiones</strong></span> <span class='ocrx_word' id='word_1_853' title='bbox 2373 4362 2675 4407; x_wconf 88' lang='lat' dir='ltr'><strong>tuerentur.</strong></span> <span class='ocrx_word' id='word_1_854' title='bbox 2710 4351 2838 4405; x_wconf 84' lang='lat' dir='ltr'><strong>Erat</strong></span> <span class='ocrx_word' id='word_1_855' title='bbox 2882 4352 3148 4406; x_wconf 84' lang='lat' dir='ltr'><strong>Gerrhum</strong></span> <span class='ocrx_word' id='word_1_856' title='bbox 3187 4354 3302 4406; x_wconf 91' lang='lat' dir='ltr'><strong>loco</strong></span> <span class='ocrx_word' id='word_1_857' title='bbox 3332 4369 3576 4406; x_wconf 81' lang='lat' dir='ltr'><strong>commo-</strong></span> 
     </span>
    </p>
   </div>
   <div class='ocr_carea' id='block_1_118' title="bbox 2003 4435 3578 4506">
    <p class='ocr_par' dir='ltr' id='par_1_118' title="bbox 2003 4435 3578 4506">
     <span class='ocr_line' id='line_1_118' title="bbox 2003 4435 3578 4506; baseline -0.004 -12"><span class='ocrx_word' id='word_1_858' title='bbox 2003 4438 2228 4494; x_wconf 73' lang='lat' dir='ltr'><strong>dissimo</strong></span> <span class='ocrx_word' id='word_1_859' title='bbox 2276 4437 2535 4506; x_wconf 89' lang='lat' dir='ltr'><strong>positum,</strong></span> <span class='ocrx_word' id='word_1_860' title='bbox 2577 4445 2741 4504; x_wconf 88' lang='lat' dir='ltr'><strong>atque</strong></span> <span class='ocrx_word' id='word_1_861' title='bbox 2780 4436 2846 4490; x_wconf 91' lang='lat' dir='ltr'><strong>ad</strong></span> <span class='ocrx_word' id='word_1_862' title='bbox 2895 4437 3106 4489; x_wconf 90' lang='lat' dir='ltr'><strong>initium</strong></span> <span class='ocrx_word' id='word_1_863' title='bbox 3142 4437 3357 4504; x_wconf 87' lang='lat' dir='ltr'><strong>quidem</strong></span> <span class='ocrx_word' id='word_1_864' title='bbox 3411 4435 3578 4488; x_wconf 86' lang='lat' dir='ltr'><strong>Bara-</strong></span> 
     </span>
    </p>
   </div>
   <div class='ocr_carea' id='block_1_119' title="bbox 2003 4520 3578 4589">
    <p class='ocr_par' dir='ltr' id='par_1_119' title="bbox 2003 4520 3578 4589">
     <span class='ocr_line' id='line_1_119' title="bbox 2003 4520 3578 4589; baseline -0.004 -11"><span class='ocrx_word' id='word_1_865' title='bbox 2003 4526 2248 4578; x_wconf 90' lang='lat' dir='ltr'><strong>throrum</strong></span> <span class='ocrx_word' id='word_1_866' title='bbox 2267 4525 2383 4576; x_wconf 89' lang='lat' dir='ltr'><strong>sive</strong></span> <span class='ocrx_word' id='word_1_867' title='bbox 2408 4521 2748 4588; x_wconf 85' lang='lat' dir='ltr'><strong>voragiuum,</strong></span> <span class='ocrx_word' id='word_1_868' title='bbox 2772 4536 2891 4589; x_wconf 71' lang='lat' dir='ltr'><strong>qua:</strong></span> <span class='ocrx_word' id='word_1_869' title='bbox 2907 4520 3175 4576; x_wconf 89' lang='lat' dir='ltr'><strong>Pelusiutn</strong></span> <span class='ocrx_word' id='word_1_870' title='bbox 3196 4535 3381 4573; x_wconf 85' lang='lat' dir='ltr'><strong>versus</strong></span> <span class='ocrx_word' id='word_1_871' title='bbox 3407 4520 3578 4588; x_wconf 89' lang='lat' dir='ltr'><strong>porri-</strong></span> 
     </span>
    </p>
   </div>
   <div class='ocr_carea' id='block_1_120' title="bbox 2001 4603 3576 4678">
    <p class='ocr_par' dir='ltr' id='par_1_120' title="bbox 2001 4603 3576 4678">
     <span class='ocr_line' id='line_1_120' title="bbox 2001 4603 3576 4678; baseline -0.005 -16"><span class='ocrx_word' id='word_1_872' title='bbox 2001 4613 2308 4678; x_wconf 78' lang='lat' dir='ltr'><strong>gebanlur;</strong></span> <span class='ocrx_word' id='word_1_873' title='bbox 2343 4604 2484 4673; x_wconf 90' lang='lat' dir='ltr'><strong>quod</strong></span> <span class='ocrx_word' id='word_1_874' title='bbox 2541 4605 2585 4658; x_wconf 92' lang='lat' dir='ltr'><strong>si</strong></span> <span class='ocrx_word' id='word_1_875' title='bbox 2615 4619 2742 4674; x_wconf 77' lang='lat' dir='ltr'><strong>ergo</strong></span> <span class='ocrx_word' id='word_1_876' title='bbox 2794 4620 2915 4659; x_wconf 90' lang='lat' dir='ltr'><strong>cum</strong></span> <span class='ocrx_word' id='word_1_877' title='bbox 2961 4620 3090 4658; x_wconf 91' lang='lat' dir='ltr'><strong>cura</strong></span> <span class='ocrx_word' id='word_1_878' title='bbox 3130 4613 3474 4667; x_wconf 88' lang='lat' dir='ltr'><strong>servaretur,</strong></span> <span class='ocrx_word' id='word_1_879' title='bbox 3509 4603 3576 4655; x_wconf 92' lang='lat' dir='ltr'><strong>ad</strong></span> 
     </span>
    </p>
   </div>
   <div class='ocr_carea' id='block_1_121' title="bbox 2000 4687 3573 4757">
    <p class='ocr_par' dir='ltr' id='par_1_121' title="bbox 2000 4687 3573 4757">
     <span class='ocr_line' id='line_1_121' title="bbox 2000 4687 3573 4757; baseline -0.005 -11"><span class='ocrx_word' id='word_1_880' title='bbox 2000 4695 2234 4746; x_wconf 87' lang='lat' dir='ltr'><strong>claustra</strong></span> <span class='ocrx_word' id='word_1_881' title='bbox 2276 4689 2495 4757; x_wconf 60' lang='lat' dir='ltr'><strong>IEgypti</strong></span> <span class='ocrx_word' id='word_1_882' title='bbox 2557 4687 2734 4741; x_wconf 90' lang='lat' dir='ltr'><strong>aditus</strong></span> <span class='ocrx_word' id='word_1_883' title='bbox 2775 4695 2893 4740; x_wconf 89' lang='lat' dir='ltr'><strong>erat</strong></span> <span class='ocrx_word' id='word_1_884' title='bbox 2932 4688 3176 4742; x_wconf 81' lang='lat' dir='ltr'><strong>hostibus</strong></span> <span class='ocrx_word' id='word_1_885' title='bbox 3227 4687 3573 4742; x_wconf 83' lang='lat' dir='ltr'><strong>interclusus.</strong></span> 
     </span>
    </p>
   </div>
   <div class='ocr_carea' id='block_1_122' title="bbox 2003 4770 3573 4840">
    <p class='ocr_par' dir='ltr' id='par_1_122' title="bbox 2003 4770 3573 4840">
     <span class='ocr_line' id='line_1_122' title="bbox 2003 4770 3573 4840; baseline -0.003 -14"><span class='ocrx_word' id='word_1_886' title='bbox 2003 4774 2077 4828; x_wconf 85' lang='lat' dir='ltr'><strong>De</strong></span> <span class='ocrx_word' id='word_1_887' title='bbox 2109 4773 2388 4825; x_wconf 87' lang='lat' dir='ltr'><strong>Barathris</strong></span> <span class='ocrx_word' id='word_1_888' title='bbox 2422 4773 2528 4824; x_wconf 86' lang='lat' dir='ltr'><strong>illis</strong></span> <span class='ocrx_word' id='word_1_889' title='bbox 2554 4770 2822 4824; x_wconf 89' lang='lat' dir='ltr'><strong>Diodorus</strong></span> <span class='ocrx_word' id='word_1_890' title='bbox 2855 4786 2942 4824; x_wconf 74' lang='lat' dir='ltr'><strong>xvi</strong></span> <span class='ocrx_word' id='word_1_891' title='bbox 2974 4787 3027 4840; x_wconf 92' lang='lat' dir='ltr'><strong>p.</strong></span> <span class='ocrx_word' id='word_1_892' title='bbox 3050 4772 3156 4826; x_wconf 73' lang='lat' dir='ltr'><strong>4M</strong></span> <span class='ocrx_word' id='word_1_893' title='bbox 3179 4781 3233 4824; x_wconf 89' lang='lat' dir='ltr'><strong>et</strong></span> <span class='ocrx_word' id='word_1_894' title='bbox 3264 4771 3458 4825; x_wconf 81' lang='lat' dir='ltr'><strong>Strabo</strong></span> <span class='ocrx_word' id='word_1_895' title='bbox 3486 4784 3573 4822; x_wconf 79' lang='lat' dir='ltr'><strong>xvr</strong></span> 
     </span>
    </p>
   </div>
   <div class='ocr_carea' id='block_1_123' title="bbox 2001 4855 2220 4925">
    <p class='ocr_par' dir='ltr' id='par_1_123' title="bbox 2001 4855 2220 4925">
     <span class='ocr_line' id='line_1_123' title="bbox 2001 4855 2220 4925; baseline -0.005 -16"><span class='ocrx_word' id='word_1_896' title='bbox 2001 4873 2054 4925; x_wconf 88' lang='lat' dir='ltr'><strong>p.</strong></span> <span class='ocrx_word' id='word_1_897' title='bbox 2099 4855 2220 4908; x_wconf 86' lang='grc'>760.</span> 
     </span>
    </p>
   </div>
   <div class='ocr_carea' id='block_1_124' title="bbox 2073 4937 3576 5009">
    <p class='ocr_par' dir='ltr' id='par_1_124' title="bbox 2073 4937 3576 5009">
     <span class='ocr_line' id='line_1_124' title="bbox 2073 4937 3576 5009; baseline 0.001 -17"><span class='ocrx_word' id='word_1_898' title='bbox 2073 4941 2207 4994; x_wconf 90' lang='lat' dir='ltr'><strong>Ibid.</strong></span> <span class='ocrx_word' id='word_1_899' title='bbox 2271 4937 2522 4991; x_wconf 82' lang='grc' dir='ltr'><strong>Σκέννα.</strong></span> <span class='ocrx_word' id='word_1_900' title='bbox 2592 4937 2766 5001; x_wconf 82' lang='grc' dir='ltr'>Σέλα,</span> <span class='ocrx_word' id='word_1_901' title='bbox 2820 4937 2975 5006; x_wconf 77' lang='lat' dir='ltr'><strong>cujus</strong></span> <span class='ocrx_word' id='word_1_902' title='bbox 3025 4939 3308 5007; x_wconf 87' lang='lat' dir='ltr'><strong>cpiscopus</strong></span> <span class='ocrx_word' id='word_1_903' title='bbox 3356 4937 3576 5009; x_wconf 84' lang='lat' dir='ltr'><strong>Alypius</strong></span> 
     </span>
    </p>
   </div>
   <div class='ocr_carea' id='block_1_125' title="bbox 2002 5020 3576 5093">
    <p class='ocr_par' dir='ltr' id='par_1_125' title="bbox 2002 5020 3576 5093">
     <span class='ocr_line' id='line_1_125' title="bbox 2002 5020 3576 5093; baseline -0.001 -17"><span class='ocrx_word' id='word_1_904' title='bbox 2002 5023 2170 5093; x_wconf 83' lang='grc' dir='ltr'>Σέλης</span> <span class='ocrx_word' id='word_1_905' title='bbox 2202 5021 2470 5090; x_wconf 75' lang='grc' dir='ltr'>ἐπαρχίας</span> <span class='ocrx_word' id='word_1_906' title='bbox 2514 5022 3004 5089; x_wconf 76' lang='grc' dir='ltr'>Λύγουσταμνικῆς</span> <span class='ocrx_word' id='word_1_907' title='bbox 3035 5020 3084 5073; x_wconf 90' lang='lat' dir='ltr'><strong>in</strong></span> <span class='ocrx_word' id='word_1_908' title='bbox 3140 5021 3409 5088; x_wconf 80' lang='lat' dir='ltr'><strong>Ephesin</strong></span> <span class='ocrx_word' id='word_1_909' title='bbox 3446 5036 3576 5074; x_wconf 87' lang='lat' dir='ltr'><strong>con-</strong></span> 
     </span>
    </p>
   </div>
   <div class='ocr_carea' id='block_1_126' title="bbox 2001 5102 3326 5176">
    <p class='ocr_par' dir='ltr' id='par_1_126' title="bbox 2001 5102 3326 5176">
     <span class='ocr_line' id='line_1_126' title="bbox 2001 5102 3326 5176; baseline -0.006 -13"><span class='ocrx_word' id='word_1_910' title='bbox 2001 5108 2127 5163; x_wconf 90' lang='lat' dir='ltr'><strong>cilio</strong></span> <span class='ocrx_word' id='word_1_911' title='bbox 2166 5120 2220 5176; x_wconf 89' lang='lat' dir='ltr'><strong>p.</strong></span> <span class='ocrx_word' id='word_1_912' title='bbox 2255 5103 2360 5158; x_wconf 67' lang='lat'><strong>478</strong></span> <span class='ocrx_word' id='word_1_913' title='bbox 2385 5104 2600 5157; x_wconf 91' lang='lat' dir='ltr'><strong>dicitur.</strong></span> <span class='ocrx_word' id='word_1_914' title='bbox 2642 5102 2776 5159; x_wconf 82' lang='lat' dir='ltr'><strong>Vide</strong></span> <span class='ocrx_word' id='word_1_915' title='bbox 2800 5104 2928 5160; x_wconf 80' lang='lat' dir='ltr'><strong>Itin.</strong></span> <span class='ocrx_word' id='word_1_916' title='bbox 2957 5104 3082 5156; x_wconf 74' lang='lat' dir='ltr'><strong>Am.</strong></span> <span class='ocrx_word' id='word_1_917' title='bbox 3118 5122 3169 5172; x_wconf 77' lang='grc' dir='ltr'><strong>ρ.</strong></span> <span class='ocrx_word' id='word_1_918' title='bbox 3204 5105 3326 5158; x_wconf 82' lang='lat' dir='ltr'><strong>m.</strong></span> 
     </span>
    </p>
   </div>
   <div class='ocr_carea' id='block_1_127' title="bbox 2072 5186 3572 5257">
    <p class='ocr_par' dir='ltr' id='par_1_127' title="bbox 2072 5186 3572 5257">
     <span class='ocr_line' id='line_1_127' title="bbox 2072 5186 3572 5257; baseline -0.001 -15"><span class='ocrx_word' id='word_1_919' title='bbox 2072 5189 2204 5242; x_wconf 90' lang='lat' dir='ltr'><strong>Ibid.</strong></span> <span class='ocrx_word' id='word_1_920' title='bbox 2236 5189 2576 5255; x_wconf 83' lang='grc' dir='ltr'>Σεθραΐτης.</span> <span class='ocrx_word' id='word_1_921' title='bbox 2599 5186 2850 5240; x_wconf 89' lang='lat' dir='ltr'><strong>Straboni</strong></span> <span class='ocrx_word' id='word_1_922' title='bbox 2881 5188 2930 5241; x_wconf 91' lang='lat' dir='ltr'><strong>iu</strong></span> <span class='ocrx_word' id='word_1_923' title='bbox 2970 5203 3101 5243; x_wconf 88' lang='lat' dir='ltr'><strong>mss.</strong></span> <span class='ocrx_word' id='word_1_924' title='bbox 3127 5188 3429 5257; x_wconf 82' lang='grc' dir='ltr'>Σεορωῒτης</span> <span class='ocrx_word' id='word_1_925' title='bbox 3464 5203 3572 5241; x_wconf 81' lang='lat' dir='ltr'><strong>xvtt</strong></span> 
     </span>
    </p>
   </div>
   <div class='ocr_carea' id='block_1_128' title="bbox 2000 5270 3570 5344">
    <p class='ocr_par' dir='ltr' id='par_1_128' title="bbox 2000 5270 3570 5344">
     <span class='ocr_line' id='line_1_128' title="bbox 2000 5270 3570 5344; baseline -0.001 -18"><span class='ocrx_word' id='word_1_926' title='bbox 2000 5291 2054 5344; x_wconf 89' lang='lat' dir='ltr'><strong>p.</strong></span> <span class='ocrx_word' id='word_1_927' title='bbox 2091 5273 2216 5328; x_wconf 63' lang='lat' dir='ltr'><strong>881i.</strong></span> <span class='ocrx_word' id='word_1_928' title='bbox 2251 5271 2355 5326; x_wconf 89' lang='lat' dir='ltr'><strong>Sed</strong></span> <span class='ocrx_word' id='word_1_929' title='bbox 2402 5282 2584 5325; x_wconf 88' lang='lat' dir='ltr'><strong>nostro</strong></span> <span class='ocrx_word' id='word_1_930' title='bbox 2612 5272 2822 5325; x_wconf 88' lang='lat' dir='ltr'><strong>accedit</strong></span> <span class='ocrx_word' id='word_1_931' title='bbox 2866 5270 3208 5325; x_wconf 70' lang='lat' dir='ltr'><strong>Ptolemaeus.</strong></span> <span class='ocrx_word' id='word_1_932' title='bbox 3235 5270 3396 5338; x_wconf 81' lang='lat' dir='ltr'><strong>Cujus</strong></span> <span class='ocrx_word' id='word_1_933' title='bbox 3428 5271 3570 5324; x_wconf 92' lang='lat' dir='ltr'><strong>nomi</strong></span> 
     </span>
    </p>
   </div>
   <div class='ocr_carea' id='block_1_129' title="bbox 2003 5351 3572 5424">
    <p class='ocr_par' dir='ltr' id='par_1_129' title="bbox 2003 5351 3572 5424">
     <span class='ocr_line' id='line_1_129' title="bbox 2003 5351 3572 5424; baseline -0.001 -15"><span class='ocrx_word' id='word_1_934' title='bbox 2003 5354 2316 5422; x_wconf 87' lang='lat' dir='ltr'><strong>metropolis</strong></span> <span class='ocrx_word' id='word_1_935' title='bbox 2349 5351 2596 5407; x_wconf 78' lang='lat' dir='ltr'><strong>Herculis</strong></span> <span class='ocrx_word' id='word_1_936' title='bbox 2617 5369 2778 5422; x_wconf 83' lang='lat' dir='ltr'><strong>parva</strong></span> <span class='ocrx_word' id='word_1_937' title='bbox 2812 5356 2939 5408; x_wconf 89' lang='lat' dir='ltr'><strong>urbs</strong></span> <span class='ocrx_word' id='word_1_938' title='bbox 2967 5366 3104 5408; x_wconf 89' lang='lat' dir='ltr'><strong>erat.</strong></span> <span class='ocrx_word' id='word_1_939' title='bbox 3147 5353 3329 5424; x_wconf 78' lang='lat' dir='ltr'><strong>Neque</strong></span> <span class='ocrx_word' id='word_1_940' title='bbox 3358 5355 3458 5407; x_wconf 90' lang='lat' dir='ltr'><strong>alia</strong></span> <span class='ocrx_word' id='word_1_941' title='bbox 3485 5353 3572 5408; x_wconf 92' lang='lat' dir='ltr'><strong>hic</strong></span> 
     </span>
    </p>
   </div>
   <div class='ocr_carea' id='block_1_130' title="bbox 2001 5439 3566 5510">
    <p class='ocr_par' dir='ltr' id='par_1_130' title="bbox 2001 5439 3566 5510">
     <span class='ocr_line' id='line_1_130' title="bbox 2001 5439 3566 5510; baseline -0.002 -15"><span class='ocrx_word' id='word_1_942' title='bbox 2001 5442 2356 5510; x_wconf 80' lang='lat' dir='ltr'><strong>intelligitur:</strong></span> <span class='ocrx_word' id='word_1_943' title='bbox 2390 5455 2511 5492; x_wconf 89' lang='lat' dir='ltr'><strong>nam</strong></span> <span class='ocrx_word' id='word_1_944' title='bbox 2543 5440 2594 5492; x_wconf 90' lang='lat' dir='ltr'><strong>in</strong></span> <span class='ocrx_word' id='word_1_945' title='bbox 2623 5439 2850 5495; x_wconf 86' lang='lat' dir='ltr'><strong>concilio</strong></span> <span class='ocrx_word' id='word_1_946' title='bbox 2883 5441 3150 5509; x_wconf 76' lang='lat' dir='ltr'><strong>Ephesium</strong></span> <span class='ocrx_word' id='word_1_947' title='bbox 3177 5441 3328 5492; x_wconf 76' lang='lat' dir='ltr'><strong>nimio</strong></span> <span class='ocrx_word' id='word_1_948' title='bbox 3362 5439 3566 5499; x_wconf 89' lang='lat' dir='ltr'><strong>Theon,</strong></span> 
     </span>
    </p>
   </div>
   <div class='ocr_carea' id='block_1_131' title="bbox 2001 5513 3570 5596">
    <p class='ocr_par' dir='ltr' id='par_1_131' title="bbox 2001 5513 3570 5596">
     <span class='ocr_line' id='line_1_131' title="bbox 2001 5513 3570 5596; baseline -0.001 -16"><span class='ocrx_word' id='word_1_949' title='bbox 2001 5537 2058 5580; x_wconf 89' lang='lat' dir='ltr'><strong>ut</strong></span> <span class='ocrx_word' id='word_1_950' title='bbox 2105 5542 2157 5594; x_wconf 90' lang='lat' dir='ltr'><strong>p.</strong></span> <span class='ocrx_word' id='word_1_951' title='bbox 2196 5525 2322 5587; x_wconf 62' lang='grc' dir='ltr'><strong>ΜΞ,</strong></span> <span class='ocrx_word' id='word_1_952' title='bbox 2372 5513 2944 5596; x_wconf 67' lang='grc' dir='ltr'>ιιιιιίςιρε’Σεοροῖτου,</span> <span class='ocrx_word' id='word_1_953' title='bbox 2995 5525 3152 5578; x_wconf 91' lang='lat' dir='ltr'><strong>modo</strong></span> <span class='ocrx_word' id='word_1_954' title='bbox 3238 5524 3570 5595; x_wconf 77' lang='grc' dir='ltr'>Ἡρακλέους</span> 
     </span>
    </p>
   </div>
   <div class='ocr_carea' id='block_1_132' title="bbox 1998 5610 3569 5681">
    <p class='ocr_par' dir='ltr' id='par_1_132' title="bbox 1998 5610 3569 5681">
     <span class='ocr_line' id='line_1_132' title="bbox 1998 5610 3569 5681; baseline 0.001 -17"><span class='ocrx_word' id='word_1_955' title='bbox 1998 5612 2093 5664; x_wconf 72' lang='grc' dir='ltr'>τοῦ</span> <span class='ocrx_word' id='word_1_956' title='bbox 2137 5611 2443 5681; x_wconf 81' lang='grc' dir='ltr'>Σεθροῖτου,</span> <span class='ocrx_word' id='word_1_957' title='bbox 2481 5613 2929 5679; x_wconf 87' lang='lat' dir='ltr'><strong>quemadmodum</strong></span> <span class='ocrx_word' id='word_1_958' title='bbox 2979 5627 3031 5680; x_wconf 76' lang='grc' dir='ltr'><strong>ῃ.</strong></span> <span class='ocrx_word' id='word_1_959' title='bbox 3067 5613 3191 5677; x_wconf 75' lang='grc'><strong>551,</strong></span> <span class='ocrx_word' id='word_1_960' title='bbox 3227 5613 3442 5667; x_wconf 74' lang='lat' dir='ltr'><strong>dicitur.</strong></span> <span class='ocrx_word' id='word_1_961' title='bbox 3471 5610 3569 5665; x_wconf 87' lang='lat' dir='ltr'><strong>Pe-</strong></span> 
     </span>
    </p>
   </div>
   <div class='ocr_carea' id='block_1_133' title="bbox 2003 5695 3012 5765">
    <p class='ocr_par' dir='ltr' id='par_1_133' title="bbox 2003 5695 3012 5765">
     <span class='ocr_line' id='line_1_133' title="bbox 2003 5695 3012 5765; baseline 0 -15"><span class='ocrx_word' id='word_1_962' title='bbox 2003 5697 2140 5752; x_wconf 89' lang='lat' dir='ltr'><strong>lusio</strong></span> <span class='ocrx_word' id='word_1_963' title='bbox 2165 5695 2294 5748; x_wconf 82' lang='lat' dir='ltr'><strong>Itin.</strong></span> <span class='ocrx_word' id='word_1_964' title='bbox 2333 5696 2454 5749; x_wconf 80' lang='lat' dir='ltr'><strong>Ant.</strong></span> <span class='ocrx_word' id='word_1_965' title='bbox 2497 5695 2563 5750; x_wconf 77' lang='lat' dir='ltr'><strong>M.</strong></span> <span class='ocrx_word' id='word_1_966' title='bbox 2601 5695 2657 5750; x_wconf 86' lang='lat' dir='ltr'><strong>P.</strong></span> <span class='ocrx_word' id='word_1_967' title='bbox 2687 5696 2757 5748; x_wconf 62' lang='lat'><strong>“2&#39;2</strong></span> <span class='ocrx_word' id='word_1_968' title='bbox 2779 5707 3012 5765; x_wconf 75' lang='lat' dir='ltr'><strong>Separat.</strong></span> 
     </span>
    </p>
   </div>
  </div>
