3980 6210
468 263 604 329 1187

537 380 656 434 Col.
696 378 819 433 156.
847 374 1204 444 Ἵιφαιστος.
1236 367 1476 423 Joannes
1502 368 1795 435 Ἡφαίστου
1825 364 2031 430 Αὐγου-

469 461 772 531 σταμνικῆς
803 455 1123 525 subscripsit
1158 451 1428 523 Ephesiuo
1458 450 1686 505 concilio
1714 464 1768 517 p.
1796 446 1922 531 £71.

537 529 668 600 Ibid.
702 544 1061 604 Πανίθυσος.
1082 536 1342 603 Ascripsit
1361 532 1423 587 L.
1445 531 1771 587 Holsteinius
1794 529 2031 595 Πανίφυ-

470 646 584 696 σος,
621 626 954 694 Πανείφυσος
978 630 1035 676 et
1064 618 1407 685 Παναίφυσος
1438 655 1453 669 .
1500 614 1793 669 Ptolemteo
1837 613 2032 668 dicitur

467 711 772 778 ῐιανέφυσις
804 703 1117 774 metmpolis
1152 701 1298 754 omni
1343 698 1503 763 Neut,
1534 697 1802 766 Ephesino
1850 696 2031 750 conci-

466 793 535 845 lio
565 808 619 861 p.
658 790 763 845 4⁸78
792 789 1107 855 Πανέφυσος
1138 782 1407 851 ἐπαρχίας
1438 780 1945 861 Αὐγουσταμνικῆς,
1976 784 2030 861 et

466 890 518 942 p.
567 858 676 928 luo
730 872 1058 940 Πανέφεσος.
1107 865 1371 919 Casianus
1400 861 1593 917 Collat.
1637 878 1688 915 χι
1720 877 1767 913 (ι.
1814 858 2028 928 5oppi-

464 958 589 1009 dum
622 956 945 1025 Pauephisin
978 951 1226 1019 appellat,
1254 957 1309 1001 et
1336 948 1469 1000 satis
1519 944 1813 998 miserabili
1864 942 2030 998 fuisse

464 1037 773 1089 conditione
800 1036 996 1102 prodit.

536 1118 668 1174 Ibid.
723 1118 964 1180 Πάννις.
1016 1113 1087 1165 Ita
1122 1127 1274 1173 utss.,
1309 1114 1399 1162 sed
1452 1122 1633 1161 verum
1674 1106 1868 1169 Τάννις
1914 1107 2027 1156 sive

464 1199 626 1263 Τάνις
663 1210 764 1255 est.
795 1200 1096 1265 Harpocras
1128 1192 1346 1252 Τάνεως
1398 1189 1658 1242 Geunadii
1724 1184 2024 1256 Synodicaa,

462 1284 601 1350 apud
638 1281 977 1335 Lambecium
1010 1276 1150 1329 Bibl.
1192 1274 1325 1327 Ca's.
1367 1288 1462 1326 vttt
1495 1287 1548 1341 p.
1577 1270 1682 1325 425
1708 1267 2020 1322 subscribit.

466 1366 597 1418 Vide
621 1365 750 1417 Itin.
785 1362 907 1414 Ant.
939 1378 991 1429 p.
1036 1358 1157 1411 I55.

535 1446 683 1499 Ibid.
730 1445 989 1512 Θμούης.
1032 1439 1257 1509 Θμοῦῖς.
1314 1439 1568 1493 Pindarus
1608 1434 1746 1500 apud
1804 1430 2027 1516 Strabo-

462 1545 584 1585 nem
639 1544 746 1584 xvn
798 1542 851 1596 p.
883 1526 987 1580 809.
1017 1525 1313 1577 Mendetem
1368 1520 1498 1572 mari
1536 1517 1774 1584 apponit,
1834 1517 2025 1568 merito

464 1613 759 1679 castigatus
787 1611 854 1662 ab
899 1607 1132 1660 Aristide
1183 1615 1310 1658 tom.
1369 1600 1431 1652 Ill
1469 1616 1521 1668 p.
1554 1598 1658 1652 610
1690 1616 1702 1651 :
1738 1597 1877 1667 Φησὶ
1917 1597 2025 1666 γὰρ

460 1693 764 1760 Αἰγυπτίαν
834 1690 1089 1758 Μένδητα
1157 1682 1309 1752 παρὰ
1382 1681 1626 1752 κρημνὸν
1694 1680 1967 1749 θαλάσσης
2004 1693 2021 1709 ⁹

462 1777 639 1829 καίτοι
678 1773 802 1827 οὔτε
835 1772 1077 1841 κρημνός
1107 1770 1252 1819 ἐστιν
1277 1765 1451 1827 οὐδεὶς
1484 1766 1598 1816 ἐκεῖ
1635 1762 1757 1816 οὔτε
1786 1762 2023 1816 θάλαττα

461 1859 745 1928 προσηχεῖ,
771 1855 885 1908 ἀλλ’
906 1857 963 1908 ὲν
990 1849 1159 1918 πεδίῳ
1191 1848 1473 1917 κεχυμὲνῳ
1494 1850 1519 1899 ὀ
1553 1846 1856 1928 Μενδήσιος
1879 1844 2025 1907 ἅπας

460 1927 625 2007 νομὸς
670 1938 917 1998 οἰκεῖται,
958 1933 1050 1985 καὶ
1090 1930 1303 2001 ἡπόλις
1348 1929 1526 1984 αὐτῶν
1560 1930 1626 1999 ἣν
1668 1927 2024 1997 ὀνομάζουσιν

460 2020 691 2073 Θμοῦιν.

511 2040 1021 2165 μἰίἷιῗῖιὶὺγούστα.
1052 2092 1542 2164 Δύγουσταμνικῆς
1572 2132 1586 2145 .
1622 2091 1746 2146 Post
1778 2091 2025 2145 Theodo-

459 2184 527 2237 sii
565 2179 779 2233 secundi
837 2187 1077 2246 tempora
1124 2177 1238 2232 haec
1288 2176 1499 2229 videtur
1531 2174 1804 2243 provincia
1858 2173 2020 2227 facta.

462 2263 631 2317 Unam
670 2270 872 2313 tantum
904 2258 1381 2329 Augustamnicam
1414 2254 1624 2310 Notitia
1658 2259 1783 2325 imp.
1820 2254 2021 2310 Orient.

459 2342 627 2401 novit,
681 2356 839 2393 uuam
878 2342 1038 2393 etiam
1090 2339 1322 2410 Cyrillus
1373 2340 1423 2394 in
1461 2340 1618 2408 epist.
1678 2339 1744 2392 ad
1786 2337 2023 2392 Atticum

456 2439 512 2493 p.
543 2422 668 2477 205.
700 2421 985 2475 Praesident
1019 2420 1269 2476 habuisse
1307 2419 1540 2475 Ilierocli
1588 2421 1881 2475 credimus.
1931 2419 2025 2473 Est

458 2506 885 2576 Augustamnicae
931 2519 1128 2572 praeses
1162 2504 1212 2558 in
1249 2504 1288 2558 Ι.
1321 2504 1390 2558 54
1426 2520 1476 2559 c.
1507 2503 1610 2557 Th.
1640 2504 1707 2558 de
1738 2502 2022 2559 Decurion.

456 2597 509 2641 et
543 2588 680 2657 apud
734 2586 1087 2640 Athanasium
1122 2584 1271 2652 Apol.
1310 2596 1495 2639 contra
1552 2586 1739 2638 Arion.
1788 2600 1841 2653 p.
1874 2585 1974 2640 I7I
2006 2603 2022 2652 ;

455 2670 545 2737 qui
577 2670 670 2724 toti
707 2669 1167 2736 Augustamnica,
1199 2671 1432 2722 nondum
1460 2668 1511 2720 in
1547 2669 1679 2721 duas
1722 2669 2024 2734 distractae,

456 2752 556 2804 sub
605 2748 924 2804 Conatautio
971 2751 1276 2818 imperavit.
1317 2749 1441 2802 Post
1471 2748 1593 2802 dein
1650 2750 1751 2803 sub
1796 2749 2025 2803 Arcadio

454 2830 643 2884 eadem
671 2840 1054 2894 correctorem,
1087 2839 1145 2883 ut
1175 2845 1240 2883 ex
1267 2831 1488 2885 lsodoro
1533 2829 1892 2892 ostemlimus,
1924 2829 2022 2883 ha-

454 2913 590 2965 buit.
622 2910 721 2965 Ubi
757 2926 884 2965 vero
914 2926 981 2964 ex
1013 2926 1118 2964 una
1162 2912 1298 2965 bime
1336 2921 1673 2965 suntet-cata:
1699 2912 2026 2980 Augustam-

456 2995 610 3060 nicze,
642 2994 811 3064 prima
846 3003 1233 3056 correctorem,
1261 2993 1516 3058 secunda,
1550 2994 1625 3048 uti
1654 2994 1804 3058 olim,
1842 2995 2025 3064 praesi-

454 3077 596 3141 dem,
627 3077 709 3130 cui
737 3084 970 3144 pareret,
999 3085 1154 3131 nacta
1180 3086 1286 3131 est.

523 3158 653 3212 Ibid.
678 3156 931 3214 Λεοντώ.
959 3158 1122 3221 Πόλις
1148 3160 1396 3213 Λεόντων
1443 3158 1731 3216 Ptolemaao
1759 3162 1902 3216 circa
1923 3160 2027 3214 Bu-

453 3240 721 3295 siriticum
755 3255 992 3307 amnem,
1021 3241 1166 3296 unde
1213 3243 1330 3311 ejus
1370 3246 1421 3296 iu
1454 3243 1724 3311 Ephesino
1772 3243 2022 3309 concilio,

453 3338 507 3391 p.
546 3322 651 3377 574
687 3324 974 3392 episcopus
1009 3323 1346 3379 Metrodorus
1386 3325 1631 3378 Λεόντων
1661 3325 1879 3380 dicitur.
1909 3322 2023 3379 Nec

453 3406 816 3458 damnandum
848 3418 1026 3460 tamen
1072 3418 1314 3460 nostrum
1353 3417 1457 3467 est,
1484 3408 1626 3474 quod
1668 3407 1895 3462 formam
1928 3406 2026 3462 ΑΞ-

453 3489 690 3558 gyptian]
746 3490 999 3555 praefert,
1063 3498 1118 3542 et
1180 3500 1453 3557 receptum
1517 3490 1651 3545 satis
1702 3499 1806 3545 est.
1848 3490 2025 3546 Xeno-

453 3572 595 3637 phou
638 3571 901 3637 Ephesius
937 3586 1010 3635 tv,
1045 3587 1097 3640 p.
1151 3570 1219 3625 56
1256 3591 1269 3625 :
1310 3572 1621 3633 Διελθόντες
1650 3572 1704 3626 δὲ
1748 3571 1899 3627 Ταῦα
1934 3575 2026 3629 ἐπὶ

453 3651 666 3704 Λεοντὼ
737 3652 987 3722 ἔρχονται
1033 3653 1210 3709 πόλιν.
1264 3654 1354 3709 Sic
1398 3658 1541 3710 enim
1589 3656 2025 3728 ingeniosissime

455 3735 728 3804 vulgatum
760 3735 930 3789 ταῦτα
976 3736 1063 3791 Ti.
1121 3736 1561 3794 llemsterhusius
1602 3742 1836 3795 reﬁnxit.
1871 3739 2023 3798 Nilus

456 3817 809 3885 Doxopatrius
851 3821 1003 3885 (tom.
1049 3821 1069 3872 I
1127 3820 1255 3876 Var.
1294 3820 1419 3876 Sac.
1461 3822 1536 3878 Le
1570 3822 1782 3896 Moyne,
1814 3841 1865 3895 p.
1893 3825 2019 3897 224)

452 3899 552 3969 τὴν
586 3900 799 3953 Λεοντὼ
836 3903 1152 3969 metropolin
1203 3906 1604 3974 Attgustamttim
1634 3908 1884 3963 secunda:
1904 3924 2022 3965 esse

452 3984 549 4035 ait.
588 3981 720 4037 Vide
760 3983 885 4038 Itin.
922 3986 1068 4045 Aut..
1098 4003 1152 4056 p.
1185 3987 1303 4042 155.
1816 4051 1825 4055 4

525 4066 657 4119 Ibid.
709 4069 989 4137 Ἀθριόις.
1034 4069 1161 4122 Fuit
1209 4070 1261 4123 in
1312 4073 1630 4142 cognomine
1679 4087 1860 4139 nomo,
1913 4088 2019 4129 non

454 4148 623 4201 tnulto
649 4164 676 4201 a
704 4148 941 4205 Leonum
973 4153 1104 4205 urbe
1135 4152 1421 4206 dissociata
1462 4155 1640 4222 spatio
1667 4158 1808 4225 apud
1838 4156 2019 4212 Ptole—

454 4245 668 4286 nneum.
701 4230 869 4287 Ilabet
900 4234 1061 4287 etiam
1090 4233 1360 4288 Palladius
1393 4234 1536 4289 Hist.
1560 4235 1746 4301 Laus.,
1772 4252 1818 4292 c.
1851 4254 2015 4303 xxxv,

453 4313 544 4368 ubi
578 4315 941 4384 maximopere
973 4316 1162 4371 vellem
1196 4318 1263 4372 ab
1293 4316 1404 4373 Jos.
1434 4318 1665 4374 Meursio
1695 4321 1826 4375 nihil
1852 4322 2019 4380 fuisse

452 4397 744 4465 ascriptum
792 4399 921 4469 περὶ
979 4398 1076 4468 τῆς
1106 4399 1364 4470 Αίθρίόου
1396 4402 1621 4465 πόλεως,
1652 4418 1716 4456 ex
1746 4418 1851 4473 qua
1897 4419 2017 4460 sec-

453 4488 559 4532 tam
590 4480 979 4535 Muhammedis
1010 4483 1274 4551 prodiisse
1310 4484 1548 4540 Zonaras
1579 4485 1853 4541 Cedrenus
1877 4487 2018 4542 Con-

452 4563 827 4631 stantiuusque
878 4565 1174 4631 imperator
1222 4569 1510 4634 prodidere
1562 4584 1577 4624 :
1637 4583 1700 4622 ea
1757 4570 1902 4622 enim
1946 4569 2013 4625 ab

451 4644 673 4697 Athribe
705 4651 803 4699 hac
848 4648 1021 4698 multo
1046 4657 1126 4699 est
1168 4649 1560 4712 diversissima,
1595 4650 1795 4718 quippe
1842 4651 1893 4706 in
1942 4654 2020 4707 in-

452 4726 581 4777 tima
617 4725 809 4779 Arabia
864 4729 1035 4795 posita
1073 4743 1086 4780 :
1124 4744 1226 4782 non
1258 4730 1419 4783 aliam
1457 4732 1603 4784 enim
1632 4747 1753 4788 esse
1794 4747 1858 4788 ac
1901 4733 2017 4790 Me-

452 4807 652 4871 dinatu,
685 4823 804 4876 qua)
828 4808 999 4863 .latrib
1030 4810 1183 4873 olim,
1210 4812 1570 4867 certissimum
1601 4823 1702 4869 est.
1738 4815 1868 4873 Vide
1896 4815 2013 4875 Jac.

451 4887 661 4943 Golium
698 4892 747 4945 itt
775 4892 1074 4961 Alfergan.,
1103 4908 1155 4961 p.
1182 4893 1270 4949 97.
1300 4894 1372 4949 De
1396 4894 1658 4965 lleliopoli
1684 4899 1797 4953 sive
1830 4900 2012 4954 Ἠλίου

450 4970 572 5024 Ant.
608 4972 758 5037 Itin.,
792 4992 842 5043 p.
880 4975 994 5028 169.
1054 4974 1055 4977 “

523 5053 657 5111 Ibid.
688 5058 1055 5122 Βούϐαστος.
1085 5060 1342 5127 AppOsita
1375 5060 1471 5114 fuit
1506 5061 1795 5121 Bubastico
1824 5066 2009 5135 ﬂuvio,

451 5154 480 5193 a
519 5140 702 5205 Diana,
744 5157 864 5210 qua:
893 5143 1163 5213 zEgyptiis
1195 5143 1481 5212 βούϐαστις
1513 5148 1651 5216 apud
1686 5148 2011 5207 Herodotum

452 5236 596 5291 Il,p.
651 5225 772 5288 I37,
812 5226 860 5278 id
914 5227 1145 5280 nominis
1200 5230 1407 5281 sortita.
1445 5229 1677 5284 Hermon
1731 5234 1829 5302 τῆς
1882 5238 2014 5290 Βου-

452 5308 727 5374 μαστικῶν
761 5324 856 5378 pro
888 5309 1268 5363 Βουὸαστικῶν
1284 5321 1365 5364 est
1403 5311 1454 5365 in
1489 5324 1616 5367 tom.
1652 5314 1722 5368 lll
1740 5316 1861 5372 Maii
1891 5321 2008 5377 Act.

519 5472 649 5529 Ibid.
685 5474 977 5542 octpoooc.
1012 5478 1233 5532 Rectum
1272 5490 1352 5533 est
1385 5480 1709 5550 Φάρϐαιθος,
1740 5497 1797 5539 ut
1830 5485 2004 5544 Ptole-

447 5568 613 5608 nemus
634 5569 684 5610 et
710 5560 1031 5626 Stephanus,
1066 5574 1157 5612 aut
1185 5563 1487 5634 Φάρὸητος,
1517 5570 1785 5633 quntnodo
1811 5569 2008 5627 Strabo

448 5643 500 5686 ct
534 5637 861 5705 Epiphanius
898 5644 947 5697 in
986 5643 1182 5713 Επιςοκ.
1210 5647 1357 5714 ﬁdei,
1394 5664 1440 5702 c.
1471 5664 1570 5714 :vtt,
1600 5665 1651 5718 p.
1704 5652 1858 5707 1095.
1908 5653 2004 5710 Se-

1476 254 1853 314 ADDENDA.
1884 277 1951 286 -
1978 252 2039 309 Ρ.
2080 202 2610 309 ΨΕέΞΕΙΛΝϐΙΓ

3555 247 3710 311 1183

2141 360 2260 413 dem
2292 362 2418 415 urbs
2449 359 2587 413 inter
2634 356 2977 412 Bultasticum
3030 366 3085 410 et
3121 354 3463 412 Busiriticutn
3516 375 3719 415 antncs

2132 440 2381 495 habebat.

2196 524 2332 579 Ibid.
2378 524 2629 593 Ἀραϐία.
2676 520 3000 588 lntelligitttr
3044 535 3243 574 nomtts
3266 522 3531 576 Arahicus
3565 524 3717 577 circa

2128 610 2473 666 BubaSLicutn
2502 604 2720 661 ﬂuvium
2749 604 3003 657 Arabiam
3043 618 3235 660 versus
3265 613 3572 673 protentus.
3612 606 3720 659 Ce—

2135 693 2348 762 teroqui
2375 703 2429 746 et
2457 689 2559 741 alia
2597 686 2792 741 Arabia
2840 686 3147 756 cognomini
3185 688 3328 741 sinui
3381 689 3627 743 conﬁnis
3657 699 3713 742 et

2129 779 2181 833 in
2216 773 2545 841 [EtbiOpiam
2584 771 2896 840 pertingens
2932 772 2982 823 in
3019 770 3255 840 Egypto
3298 779 3433 825 erat.
3496 771 3714 826 Nobilis

2127 875 2187 915 ea
2216 865 2297 913 est
2325 869 2593 908 marmore
2643 855 2976 923 porphyrite,
3024 855 3176 919 cujus
3209 854 3279 908 ibi
3332 854 3575 915 metalla.
3612 856 3713 908 sed

2126 953 2177 994 et
2204 938 2523 993 aridissimo
2557 937 2671 991 solo
2701 947 2862 1003 atque
2897 938 3078 990 arenis
3114 936 3333 993 infamis
3360 940 3501 1005 apud
3536 938 3715 991 Aris-

2124 1023 2288 1077 tidem
2324 1032 2452 1076 tom.
2480 1019 2566 1085 Ill,
2594 1035 2645 1087 p.
2682 1018 2806 1073 587.
2842 1020 3017 1088 Atque
3047 1020 3155 1083 hic,
3185 1032 3331 1087 puto,
3366 1021 3467 1075 fuit
3493 1038 3713 1091 πορφυ-

2128 1105 2284 1176 ρίτης
2312 1104 2497 1168 τόπος,
2536 1102 2697 1170 cujus
2740 1101 3012 1156 Palladius
3053 1100 3201 1155 Hist.
3247 1101 3437 1167 Laus.,
3485 1118 3533 1158 c.
3599 1119 3709 1158 ml

2124 1185 2391 1247 meminit,
2430 1195 2483 1239 et
2517 1198 2740 1238 ert-mus
2790 1182 3109 1254 Porphyrio,
3164 1200 3326 1255 quam
3374 1186 3441 1240 ab
3490 1186 3706 1255 oppidis

2123 1278 2216 1320 aut
2244 1267 2517 1322 habitabili
2552 1276 2695 1320 terra
2730 1274 2934 1334 septem
2972 1267 3343 1321 mansionibus
3372 1268 3453 1322 vel
3483 1282 3545 1322 eo
3580 1283 3703 1321 amo
3770 1333 3777 1337 _

2122 1351 2263 1419 plius
2313 1362 2615 1418 separatam
2665 1348 2964 1404 Cassianus
3009 1349 3077 1402 de
3122 1349 3264 1417 Spir.
3300 1350 3509 1403 Acedia:
3532 1350 3586 1414 7,
3622 1349 3697 1403 24

2123 1434 2340 1502 prodit:
2373 1434 2508 1487 bene
2550 1433 2693 1485 enim
2740 1432 2811 1485 illi
2851 1432 2902 1485 in
2957 1434 3120 1487 eremi
3168 1433 3529 1502 descriptione
3567 1448 3699 1488 cum

2119 1517 2357 1570 Aristide
2418 1515 2704 1579 convenit;
2772 1515 2820 1568 id
2862 1530 2993 1569 vero
3059 1516 3255 1569 mirum
3308 1516 3524 1580 accidit,
3596 1516 3708 1570 Ba-

2122 1600 2371 1667 bylonem
2413 1597 2482 1650 ab
2510 1595 2757 1650 Hierocle
2794 1598 2844 1650 in
2877 1598 2975 1650 hac
3005 1598 3278 1666 provincia
3314 1598 3527 1668 negligi.
3559 1600 3701 1654 satis

2120 1696 2216 1735 sua
2251 1687 2407 1733 aztate
2431 1680 2723 1733 celebrem.
2766 1680 2967 1734 Aberat
3000 1682 3065 1733 ah
3102 1682 3337 1734 Arabico
3362 1681 3504 1741 sinu,
3532 1681 3574 1732 si
3604 1679 3696 1745 ju-

2122 1763 2317 1816 ntentis
2363 1760 2721 1815 sarcinalibus
2772 1761 2874 1814 iter
2920 1761 3349 1829 ingrederentur,
3402 1761 3697 1816 intervallo

2119 1852 2355 1914 quatuor
2399 1844 2630 1907 dierum,
2656 1843 2798 1913 quod
2822 1853 3003 1897 tamen
3027 1844 3307 1913 expeditus
3333 1858 3501 1914 eques
3532 1842 3698 1899 unius

2119 1927 2222 1982 diei
2254 1936 2308 1981 et
2336 1926 2507 1981 noctis
2552 1926 2779 1980 decursu
2836 1926 3116 1981 absolvere
3164 1934 3384 1992 poterat.
3434 1924 3551 1979 Hoc
3601 1924 3695 1979 Jo.

2121 2007 2451 2076 Philoponus
2482 2007 2550 2061 de
2592 2006 2782 2060 Mund.
2814 2006 2991 2065 Great.
3035 2022 3108 2073 tv,
3140 2007 3172 2061 5
3217 2007 3297 2062 his
3320 2006 3520 2068 verbis.
3557 2018 3695 2073 qua

2123 2089 2414 2146 Corderius
2452 2103 2556 2142 non
2588 2089 2875 2150 intellexit,
2906 2091 3063 2144 docet
3094 2108 3107 2143 :
3137 2088 3426 2157 Πλησιάζει
3452 2088 3509 2139 δὲ
3531 2083 3695 2147 οὗτος

2122 2171 2173 2242 (ὁ
2192 2173 2443 2244 ’Λράϐιος
2457 2172 2657 2235 κόλπος
2675 2174 2739 2242 τῇ
2755 2171 2872 2224 κατ’
2894 2171 3165 2239 Αἴγυπτον
3179 2171 3478 2233 Βαϐυλῶνι,
3493 2170 3611 2223 ὁδὸν
3636 2170 3697 2235 ἐξ

2122 2256 2291 2327 αὐτῆς
2312 2256 2449 2327 ἔχων
2477 2255 2802 2325 ἀχθοφόροις
2843 2255 2941 2325 μὲν
2964 2254 3125 2319 ζώοις
3155 2256 3379 2327 ἡμερῶν
3400 2254 3569 2323 ἐγγύς
3590 2272 3693 2307 που

2120 2341 2418 2409 τεσσάρων,
2451 2338 2692 2407 ὀξυτὰτῳ
2720 2338 2774 2391 δὲ
2797 2338 2987 2411 δρομεῖ
3004 2340 3165 2392 ἵππον
3194 2339 3691 2408 ἐλαύνοντινυχθη-

2125 2422 2313 2492 μέρου.
2353 2421 2484 2477 Vide
2514 2430 2568 2476 et
2601 2422 2727 2475 Ant.
2764 2420 2912 2485 ltin.,
2938 2438 2991 2489 Ρ.
3033 2423 3156 2478 196.

2192 2505 2326 2558 Ibid.
2359 2505 2615 2573 Κλύσμα
2638 2504 2921 2570 κὰστρου.
2957 2504 3095 2574 Lege
3122 2519 3243 2558 cum
3274 2503 3557 2558 llolsteino
3580 2503 3691 2556 Κά-

2123 2604 2282 2657 στρον
2309 2589 2420 2643 :sic
2454 2590 2596 2642 enim
2628 2588 2958 2657 Epiphanius
2984 2588 3181 2642 literas.
3214 2603 3360 2651 val,
3393 2603 3443 2642 c.
3476 2602 3493 2640 ι
3521 2598 3570 2641 et
3595 2588 3692 2640 in-

2121 2680 2300 2725 certus
2333 2680 2520 2725 auctor
2551 2672 2602 2724 in
2622 2671 2762 2725 Bibl.
2805 2670 3155 2734 Coisliniana,
3180 2684 3231 2739 p.
3250 2669 3378 2726 599.
3398 2669 3693 2725 Palmerius

2124 2751 2386 2815 Exercit.,
2419 2768 2471 2822 p.
2528 2753 2633 2808 546
2692 2753 2907 2824 Clysma
2957 2755 3024 2808 ad
3070 2752 3293 2806 ﬂuvium
3340 2754 3455 2807 sive
3493 2751 3693 2806 fossam

2121 2836 2416 2898 Ptolemzei,
2464 2852 2492 2889 a
2553 2834 2791 2905 Trajano
2858 2846 3167 2890 renovatam
3220 2846 3275 2890 et
3328 2844 3695 2904 repurgata-tu,

2120 2923 2424 2990 appositum
2456 2920 2620 2975 fuisse
2645 2928 2828 2974 censet
2859 2934 2925 2974 ex
2957 2918 3039 2973 his
3080 2917 3304 2972 Luciani
3353 2919 3407 2973 in
3459 2916 3696 2971 Pseudo-

2122 3012 2318 3069 mant.,
2347 3020 2399 3073 p.
2438 3003 2545 3058 773
2584 3003 2673 3067 ed.
2727 3002 2900 3055 Amst.
2936 3019 2951 3054 :
2983 3000 3354 3064 Ἀναπλεύστις
3409 3003 3438 3053 ὁ
3485 3001 3700 3053 νεανίσ-

2122 3103 2217 3149 κος
2246 3088 2324 3149 είς
2373 3086 2650 3154 Αἴγυπτον
2679 3088 2805 3156 ἄχρι
2843 3084 2938 3138 τοῦ
2972 3083 3320 3154 Κλύσματος,
3356 3084 3539 3137 πλοίου
3568 3085 3697 3138 ἀνα-

2120 3171 2374 3237 γομένου,
2437 3169 2664 3238 ἐπείσθη
2729 3171 2824 3222 καὶ
2868 3168 3031 3230 αὐτὸς
3075 3168 3155 3230 είς
3195 3167 3386 3220 Ἰνδίαν
3441 3165 3691 3220 πλεῦσαι.

2123 3249 2292 3306 Recte
2324 3252 2541 3321 quidem
2576 3251 2825 3305 Latinum
2866 3252 3216 3319 interpretem
3263 3249 3558 3319 castigavit,
3593 3251 3691 3317 qui

2121 3332 2337 3403 Clysma
2369 3349 2472 3387 non
2524 3333 2945 3397 observaverat;
2980 3334 3124 3400 quod
3170 3332 3339 3401 ipsum
3368 3342 3420 3386 et
3464 3329 3693 3385 Bevere-

2120 3419 2241 3485 gius
2275 3416 2406 3471 fecit
2440 3419 2493 3470 in
2523 3416 2729 3471 Cauon.
2762 3415 2958 3471 concil.
2988 3413 3241 3473 Trullani.
3266 3428 3317 3482 p.
3354 3414 3449 3467 I5!
3484 3430 3503 3469 :
3533 3424 3587 3466 at
3616 3415 3691 3467 de

2123 3504 2266 3556 fossa
2320 3500 2597 3555 Ptolemaei
2659 3516 2745 3556 res
2777 3502 2879 3554 alia
2928 3510 3032 3555 est.
3079 3499 3170 3553 Illa
3202 3497 3457 3552 Arsinoen
3507 3512 3685 3565 usque

2121 3584 2223 3639 luit
2260 3585 2517 3653 producta
2574 3585 2716 3653 apud
2761 3583 3018 3637 Strabon.
3052 3597 3187 3645 xvn.
3225 3598 3275 3651 p.
3307 3581 3432 3644 804,
3462 3578 3682 3646 Traiani

2122 3680 2252 3721 vero
2302 3667 2366 3719 ad
2413 3665 2646 3719 Heroum
2700 3666 2889 3719 urbem
2946 3665 3193 3718 Arsinoa:
3243 3664 3496 3721 vicinam.
3551 3673 3688 3718 teste

2121 3747 2411 3804 Ptolema-o
2437 3763 2511 3813 tv,
2547 3748 2599 3803 5.
2631 3748 2713 3802 Ab
2744 3757 2974 3813 utraque
3000 3746 3232 3815 amplius
3257 3746 3325 3801 69
3341 3745 3411 3798 Μ.
3443 3744 3504 3800 P.
3531 3745 3689 3817 Clys-

2121 3848 2207 3889 ma
2238 3843 2353 3887 erat
2381 3840 2668 3891 semotum.
2724 3829 3179 3900 quemadmodum
3209 3830 3335 3884 Ant.
3368 3828 3498 3882 Itin.
3549 3830 3689 3883 iudi-

2120 3926 2228 3981 cat,
2256 3916 2519 3985 longeque
2566 3915 2701 3968 adeo
2735 3929 2764 3967 a
2801 3913 2944 3967 fossa
2992 3912 3230 3981 Trajana
3286 3911 3681 3980 Ptolemaeique.

2122 3996 2179 4053 Si
2236 4007 2490 4067 praeterea
2545 3995 2768 4050 Luciani
2821 3994 3123 4049 orationem
3170 4005 3318 4049 recte
3370 3995 3680 4049 considera-

2118 4082 2283 4145 veris,
2316 4080 2517 4133 nullum
2574 4080 2700 4133 huic
2733 4079 2971 4148 opinioni
3009 4079 3321 4147 praesidium
3355 4081 3681 4132 auxiliumve

2121 4165 2364 4219 invenies
2404 4181 2418 4217 :
2458 4178 2630 4233 neque
2688 4163 2832 4216 enim
2904 4161 3032 4231 ἄχρι
3082 4160 3449 4230 Κλύσματος,
3497 4162 3680 4214 πλοίου

2119 4247 2459 4314 ἀναγομένου
2490 4255 2635 4300 recte
2656 4245 2886 4299 verteris
2915 4260 3075 4312 usque
3105 4246 3176 4296 ad
3205 4244 3417 4313 Ctgsma
3458 4248 3685 4297 adducto

2120 4330 2324 4399 nariqio
2348 4369 2363 4393 ,
2414 4328 2849 4397 quandoquidem
2884 4342 3048 4380 naves
3092 4326 3394 4393 ἀνάγεσθαι
3434 4327 3687 4381 dicuntur

2117 4428 2239 4483 qua:
2291 4413 2502 4467 solvunt
2554 4421 2607 4465 et
2649 4427 2712 4463 ex
2768 4418 2922 4480 portu
2985 4411 3374 4476 provehantur.
3438 4409 3685 4479 Polybius

2115 4513 2154 4564 ι,
2189 4496 2303 4553 60:
2361 4498 2458 4557 Ὃς
2511 4493 2767 4563 ἀναχθεὶς
2808 4494 2899 4544 καὶ
2948 4492 3193 4563 καταρὰς
3227 4494 3320 4544 ἐπὶ
3365 4493 3463 4563 τὴν
3511 4491 3685 4560 Ἱερὰν

2116 4578 2456 4647 καλουμένην
2507 4578 2708 4645 νῆσον,
2758 4585 2812 4630 et
2859 4576 2893 4629 5
2931 4577 2967 4629 2
3011 4593 3027 4630 :
3068 4576 3278 4646 ἀνήχθη
3326 4577 3422 4628 καὶ
3478 4578 3683 4647 κατῆρε

2114 4662 2423 4730 δευτεραῖος
2455 4660 2533 4722 είς
2566 4660 2785 4728 Πάτρας
2807 4696 2825 4723 ,
2878 4667 2931 4712 et
2963 4660 3161 4726 passim
3190 4659 3303 4723 alii,
3334 4675 3361 4710 a
3391 4658 3519 4711 viris
3551 4660 3681 4711 doc-

2115 4744 2343 4798 tissimis
2400 4743 2467 4797 ad
2513 4742 2623 4797 Act.
2677 4756 2847 4807 xxvtt,
2898 4741 2953 4807 2,
2986 4742 3020 4795 3
3049 4741 3290 4797 excitati.
3338 4740 3525 4811 Itaque
3582 4743 3687 4796 hoc

2116 4826 2384 4882 Lucianus
2432 4825 2669 4880 voluisse
2712 4824 2948 4889 videtur,
2992 4823 3242 4891 juvenem
3284 4840 3406 4878 eum
3444 4826 3498 4877 in
3547 4825 3687 4877 inte-

2116 4915 2314 4967 riorem
2342 4910 2635 4979 Egyptum
2662 4909 2944 4979 navigasse
2973 4922 3028 4964 et
3059 4910 3274 4980 Clysma
3306 4909 3529 4973 adiisse,
3557 4925 3682 4961 cum

2116 5007 2243 5050 vero
2267 4995 2422 5049 navis
2455 4994 2577 5047 inde
2611 4992 2868 5058 solveret,
2905 5008 3214 5061 persuasum
3262 4992 3430 5046 fuisse
3472 5002 3529 5045 ut
3561 5008 3681 5043 eam

2115 5081 2503 5135 conscenderet
2529 5085 2582 5131 et
2625 5077 2830 5131 Indiam
2867 5084 3073 5145 peteret
3105 5095 3118 5131 :
3150 5086 3265 5131 erat
3301 5078 3503 5146 quippe
3531 5075 3684 5145 (Elys-

2114 5164 2275 5217 matis
2305 5171 2489 5229 portus
2524 5147 2589 5214 ad
2640 5162 2740 5213 iter
2795 5160 3068 5225 Indicum,
3103 5170 3160 5213 ut
3226 5159 3560 5229 Epiphanius
3606 5160 3685 5211 si-

2113 5245 2352 5317 gnilicat,
2376 5244 2833 5297 accommodatus.
2871 5241 3000 5296 Vide
3028 5251 3079 5297 et
3118 5243 3245 5297 Ant.
3273 5241 3420 5304 Irim,
3472 5257 3523 5309 p.
3558 5242 3682 5294 ΠΟ.

2184 5329 2317 5383 Ibid.
2369 5326 2702 5395 Ἀρκαδίας.
2757 5325 2963 5379 Nomen
3012 5326 3290 5396 provincia
3333 5329 3402 5379 ab
3451 5325 3688 5379 Arcadio

2112 5412 2326 5478 indepta
2364 5420 2466 5471 est.
2512 5420 2700 5477 estque
2743 5409 2915 5477 prima
2950 5410 3090 5479 ejus.
3124 5412 3267 5471 quod
3297 5410 3491 5471 sciam,
3540 5408 3686 5477 apud

2112 5496 2367 5566 Cyrillum
2417 5494 2576 5563 epist.
2628 5494 2693 5545 ad
2743 5492 2990 5560 Atticum,
3051 5509 3101 5562 ι),
3161 5492 3262 5547 205
3321 5502 3376 5545 et
3430 5491 3688 5551 ('Oncilio.

2114 5578 2405 5646 Ephesiuo,
2441 5591 2495 5645 p.
2560 5574 2665 5630 674
2716 5576 2939 5629 mentio.
3000 5576 3287 5629 Arcadiunt
3353 5574 3427 5627 illi
3486 5589 3692 5627 nomen

2114 5662 2327 5716 dedisse
2387 5658 2702 5715 Eusmthius
2761 5660 2811 5711 in
2889 5658 3131 5727 Dionysii
3233 5657 3495 5726 Perirges.
3574 5654 3684 5709 23I
