3980 6210
331 231 470 300 1189

329 348 650 411 testabitur;
733 348 996 420 facileque
1070 352 1208 408 adeo
1275 356 1536 412 IIarduitti
1605 363 1912 416 carebimus

325 442 654 500 commento,
697 450 806 502 quo
833 435 1109 502 provincia
1142 452 1208 491 eo
1238 440 1392 494 titulo
1419 444 1615 496 donata
1652 447 1908 515 perhibe-

329 526 447 580 tur,
484 517 625 585 quod
672 518 838 572 totius
868 516 1106 589 ,Azlgypti
1158 529 1302 574 esset
1335 527 1508 579 media
1555 528 1632 580 uti
1680 529 1911 583 Arcadia

327 594 711 666 Peloponnesi;
748 616 868 669 quae
910 605 955 655 si
993 603 1162 656 solida
1218 601 1357 657 l‘oret
1404 609 1579 673 ratio,
1626 625 1725 665 cur
1779 629 1911 666 uns-

326 696 488 748 quam
523 681 576 734 id
606 685 1045 738 nomen.obvium
1097 695 1181 738 est
1218 687 1318 740 nisi
1354 697 1473 754 post
1518 689 1646 756 imp.
1681 695 1906 750 Arcadii

325 765 576 816 aetatem?
602 780 803 834 prmses
830 766 1074 821 Arcadize
1093 776 1176 821 est
1209 768 1262 822 in
1289 767 1497 822 Notitia
1529 770 1637 839 imp
1655 809 1670 824 .
1699 776 1904 832 Orienl.

324 859 444 913 cap.
474 861 513 900 1.

395 939 518 996 Col.
549 943 676 996 156.
707 943 901 997 Κυνώ.
950 945 1078 1000 llaec
1121 947 1372 1015 superior
1399 958 1482 1002 est
1513 949 1686 1020 Cyno,
1726 951 1760 1020 ἡ
1794 951 1906 1004 ἄνω

325 1025 508 1089 Κυνὼ,
529 1026 583 1079 in
606 1025 801 1080 Meletii
819 1027 1114 1094 Breviario,
1135 1031 1466 1100 p.187;qu:e
1481 1035 1581 1087 etsi
1604 1035 1905 1102 principem

325 1113 376 1164 in
413 1111 621 1165 urbium
651 1111 896 1178 catalogo
917 1113 1092 1166 locum
1130 1123 1331 1174 teneat,
1371 1116 1686 1184 metropolis
1720 1127 1899 1172 tamen

318 1195 592 1249 censenda
647 1212 755 1249 non
817 1197 923 1248 erit
971 1210 1095 1248 cum
1153 1195 1217 1248 L.
1274 1197 1581 1252 llolsteinio
1635 1218 1649 1252 :
1704 1201 1905 1267 saepius

321 1280 463 1332 enim
493 1280 737 1333 videmus
768 1294 862 1332 seu
911 1279 1160 1331 consulto
1197 1295 1290 1332 seu
1338 1279 1681 1334 librariorum
1731 1284 1903 1352 negli-

324 1364 505 1430 gentia
543 1361 870 1430 metropolcs
908 1361 1032 1415 aliis
1067 1362 1231 1416 fuisse
1263 1363 1619 1432 postpositas.

391 1458 524 1512 ltId.
561 1457 940 1526 ὀξύρυγχος.
973 1458 1095 1513 llaec
1126 1460 1419 1528 provinciae
1458 1461 1772 1530 metropolis
1823 1473 1906 1517 est

319 1541 459 1608 apud
509 1538 682 1592 Nilum
741 1541 1151 1609 Dompatriutu,
1204 1558 1256 1610 p.
1305 1542 1412 1596 225
1448 1543 1631 1596 tom.l
1674 1543 1802 1598 Var.
1841 1544 1901 1599 S.

319 1623 392 1675 Le
423 1622 629 1693 Moyne.
666 1621 808 1677 Urbs
846 1635 978 1678 erat
1013 1624 1342 1692 amplissima
1366 1636 1421 1678 et
1458 1627 1763 1680 incredibili
1794 1642 1903 1680 mo-

319 1706 618 1758 nachorum
671 1703 969 1774 frequentia
1007 1706 1278 1774 celebris;
1315 1724 1421 1775 qua
1455 1711 1521 1762 de
1563 1723 1622 1762 re
1674 1707 1903 1763 Rufinus

318 1788 383 1840 ad
412 1787 538 1842 Ant.
577 1787 734 1847 Itin..
785 1805 835 1857 p.
887 1789 986 1842 157
1025 1804 1053 1842 a
1090 1805 1174 1844 me
1205 1792 1526 1860 appellatus,
1573 1803 1627 1846 et
1670 1794 1902 1845 tuamne
1953 1835 1955 1837 .

320 1870 616 1926 Pararlt’sus
690 1887 782 1927 seu
853 1871 1296 1933 llist._hl.onach.
1336 1873 1580 1948 .JEgypti
1646 1886 1780 1932 tom.
1836 1877 1899 1932 Ill

316 1955 559 2009 Mantua.
589 1956 866 2022 Cotelerii,
902 1973 954 2027 p.
993 1957 1115 2013 175.

387 2054 519 2107 Ibid.
577 2054 932 2120 'Hpaxléwc.
995 2055 1330 2128 Ἡρακλέους
1383 2073 1517 2113 voce
1563 2060 1717 2123 πόλις
1771 2060 1902 2114 sub-

317 2136 615 2190 intelleCIa.
670 2136 940 2204 Ephesiuo
982 2139 1213 2193 concilio
1244 2140 1338 2193 551
1393 2143 1426 2212 ἡ
1477 2143 1592 2196 ἄνω
1637 2143 1900 2214 Ἠράλεια

313 2230 368 2272 et
420 2220 817 2278 Ἡρακλεωτῶν
857 2221 1014 2284 πόλις
1058 2222 1159 2290 τῆς
1201 2225 1493 2293 Ἀρκαδίας
1517 2269 1532 2292 ,
1579 2237 1668 2291 ut,
1708 2245 1762 2297 p.
1790 2229 1898 2282 474

313 2303 533 2357 dicitur.
570 2303 627 2356 In
655 2304 776 2372 ejus
813 2304 1008 2358 vicinia
1052 2314 1213 2360 natus
1243 2307 1346 2361 fuit
1377 2309 1667 2376 Antonius,
1698 2325 1894 2365 mona-

315 2387 541 2438 chorum
581 2401 810 2454 parens,
849 2386 1003 2454 cujus
1032 2388 1198 2440 vitam
1233 2390 1570 2446 Athanasius
1615 2394 1771 2447 nobis
1809 2409 1895 2447 re-

315 2470 490 2537 lquit.
545 2470 878 2522 Sozomenus
926 2469 994 2522 Η.
1027 2469 1094 2525 Ε.
1135 2472 1156 2524 1
1198 2473 1262 2526 15
1295 2490 1313 2526 :
1349 2474 1602 2541 Ἐγένετο
1652 2477 1708 2529 δὲ
1741 2471 1899 2538 οὗτος

311 2551 608 2620 Αἰγύπτιος
650 2551 730 2621 τῷ
795 2551 970 2619 γένει.
1012 2551 1119 2605 τῶν
1159 2553 1500 2625 εὐπατριδῶν
1539 2558 1649 2610 ἀπὸ
1688 2559 1850 2627 Κομᾶ
1881 2575 1896 2590 ο

314 2637 478 2706 κώμη
511 2636 567 2687 δὲ
621 2635 761 2704 αὕτη
814 2634 949 2704 ὁμοῦ
1007 2637 1333 2704 Ἡρακλείας
1381 2639 1484 2708 τῆς
1548 2640 1680 2710 παρ’
1726 2641 1897 2710 Λίγυ-

317 2720 490 2780 πτίοις
527 2718 750 2789 ἄκρασι.
801 2718 894 2773 Sic
929 2717 1101 2772 edidit
1147 2719 1211 2773 ll.
1248 2719 1518 2784 Valesius,
1562 2734 1894 2792 secutusque

315 2801 709 2870 rmijecturam,
737 2815 844 2869 qua
879 2799 1192 2855 lleracleam
1229 2805 1502 2858 minorem
1531 2820 1562 2859 a
1587 2805 1896 2862 Sozomeno

315 2886 516 2954 signari
547 2885 864 2947 arbitratur,
902 2885 1065 2938 vertit
1097 2901 1111 2938 :
1147 2885 1267 2938 Fuit
1291 2887 1375 2938 hic
1404 2885 1713 2955 Egi/ptius,
1747 2898 1894 2943 ortus

314 2985 499 3038 genere
545 2967 712 3021 nobili
750 2969 805 3020 in
859 2968 971 3022 vico
1026 2965 1210 3026 Canta.
1269 2969 1362 3022 Est
1420 2980 1596 3023 autem
1633 2972 1717 3023 hic
1755 2974 1896 3026 vicus

308 3056 466 3122 juxta
505 3050 836 3116 Heracleam,
865 3053 1044 3104 urbem
1076 3050 1318 3120 IE‘gypti,
1347 3069 1466 3122 qua:
1494 3055 1898 3124 cognominatur

315 3135 510 3188 minor.
569 3132 680 3202 Ego
719 3130 886 3186 aliter
929 3133 1139 3195 sentio,
1179 3143 1233 3188 et
1263 3133 1526 3202 majorem
1549 3136 1894 3192 ~lleracleam

311 3217 540 3270 indicari
585 3216 802 3285 opinor.
856 3217 1136 3272 Invenerat
1190 3217 1273 3271 vir
1314 3221 1564 3290 egregius
1605 3221 1657 3274 in
1707 3219 1897 3275 codice

315 3299 610 3353 Fukrtiano
642 3300 740 3367 τῆς
771 3299 901 3369 παρ’
929 3299 1249 3367 Αἰγυπτίοις
1297 3301 1529 3371 Ἀρκάσι
1561 3320 1574 3356 :
1607 3303 1750 3357 unde
1781 3303 1894 3357 col-

313 3382 448 3450 ligas
495 3381 662 3437 fuisse
700 3383 969 3436 Arcadum
1003 3392 1098 3436 aut
1142 3383 1386 3438 Arcadiae
1430 3385 1503 3440 ibi
1541 3386 1890 3441 mentionem.

317 3465 460 3521 Idem
506 3465 798 3519 contirmat
828 3464 1190 3534 Nicephorus,
1224 3468 1316 3536 qui
1361 3483 1423 3522 ex
1464 3468 1769 3524 Sozomeno
1796 3470 1892 3523 lia-

316 3547 405 3598 bet
430 3547 631 3615 ὅμορος
653 3545 710 3598 δὲ
754 3546 892 3615 αὕτη
927 3547 1227 3618 Ἡρακλείᾳ
1264 3549 1372 3602 τῶν
1423 3567 1536 3621 παρ
1559 3551 1892 3619 Ἀἰγυπτίοις

313 3627 613 3696 Ἀρκάδων.
644 3627 803 3682 Forte
831 3643 960 3698 ergo
1000 3646 1186 3684 verum
1223 3631 1410 3698 fuerit,
1438 3632 1603 3701 κώμη
1644 3635 1702 3685 δὲ
1750 3633 1891 3704 αὕτη

311 3711 511 3780 ὅμορος
563 3709 858 3780 Ἡρακλείᾳ
905 3711 1005 3778 τῆς
1051 3712 1182 3782 παρ’
1216 3713 1539 3781 Αἰγυπτίοις
1574 3715 1890 3782 Ἀρκαδίας.

308 3793 474 3847 Certo
521 3793 784 3848 articulus
831 3789 932 3862 τῆς
975 3790 1259 3847 Fultetiani
1304 3809 1409 3848 ms.
1451 3794 1554 3849 hoc
1607 3797 1888 3863 requirit:

310 3892 501 3944 posses
539 3876 853 3943 ceteroqui,
905 3876 948 3929 si
981 3879 1092 3939 τοῖς
1133 3879 1265 3945 παρ’
1301 3877 1623 3944 Αἰγυπτίοις
1663 3879 1892 3948 ’Δρκάσι

310 3961 539 4014 aliorum
575 3959 818 4014 codicum
871 3959 1213 4012 retinendum
1257 3975 1505 4025 censeas,
1552 3959 1901 4030 pra'positioa

310 4061 432 4099 m-m
464 4044 660 4099 addere
692 4053 856 4113 atque
883 4043 940 4094 ὲν
975 4043 1088 4104 τοῖς
1126 4059 1182 4094 κ.
1237 4042 1287 4096 λ.
1351 4043 1565 4112 legere,
1621 4045 1892 4100 sententia

307 4128 521 4184 eadem.
563 4125 891 4180 Alterutrum
921 4139 1146 4193 prorsus
1175 4126 1544 4180 necessarium
1573 4135 1676 4182 est.

381 4224 514 4278 Ibid.
539 4222 937 4291 Ἀρσενοΐτης.
975 4219 1050 4274 Ita
1082 4221 1252 4276 codex
1290 4220 1592 4276 Leidensis.
1634 4222 1893 4294 lntelligit

308 4307 577 4360 Arsinoen
612 4315 663 4359 et
700 4318 916 4357 nomum
949 4303 1016 4357 ad
1051 4317 1305 4358 occasmn
1353 4305 1549 4359 insulae
1591 4305 1882 4361 lleracleo-

313 4391 453 4450 tit-ae,
491 4389 643 4457 cujus
675 4384 965 4456 episcopus
999 4388 1246 4442 Andreas
1269 4387 1613 4458 Ἀρσενοῖτου
1648 4389 1698 4443 in
1730 4391 1889 4460 epist.

314 4475 374 4524 al
409 4470 782 4533 Antiochenos,
812 4485 867 4539 p.
900 4469 1004 4523 776
1030 4469 1098 4523 ab
1126 4469 1424 4524 Athanasio
1459 4483 1817 4528 memoratur.

384 4566 518 4620 Ibid.
569 4564 1093 4629 Θεοδοσιούπολις.
1144 4563 1360 4618 llabent
1410 4564 1530 4634 ejus
1577 4567 1891 4639 episcopum

312 4649 444 4703 Acta
491 4663 649 4704 conc.
706 4647 1063 4711 Chalcedon.,
1121 4661 1352 4716 eumque
1393 4648 1438 4700 is
1489 4664 1584 4715 pro
1619 4650 1891 4706 Arsiuoita

310 4731 551 4786 antistite
581 4730 908 4793 subscribat,
959 4729 1088 4782 urbs
1120 4728 1366 4782 Arsinoze
1395 4730 1568 4782 vicina
1619 4731 1786 4789 fuisse
1816 4737 1894 4788 vi-

310 4815 486 4868 detur.
518 4814 678 4868 Forte
705 4812 868 4866 statio
911 4810 1205 4865 Ptolemais
1256 4811 1399 4879 apud
1448 4810 1800 4868 Ptolemaeum
1841 4818 1892 4871 id

267 4909 270 4912 ’
316 4899 552 4954 nominis
584 4913 611 4951 a
646 4895 955 4949 Theodosio
983 4903 1067 4948 est
1101 4894 1315 4948 sortita.

384 4993 517 5047 Ibid.
549 4991 897 5056 Νικόπολις.
939 4988 1002 5044 L.
1053 4989 1392 5045 Ilolsteiuius
1425 4992 1745 5058 Νειλόπολις
1777 5012 1897 5050 cor-

313 5080 459 5148 rigit,
501 5078 821 5137 rectissime,
877 5090 960 5130 me
1004 5075 1233 5130 arbitro.
1286 5077 1409 5131 Fuit
1439 5092 1573 5134 sane
1624 5079 1897 5150 Nic0p0lis

314 5164 368 5217 in
419 5163 680 5233 Egypto,
717 5159 812 5214 sed
839 5159 1180 5214 Alexandria:
1224 5161 1398 5215 vicina
1429 5165 1569 5232 apud
1600 5161 1894 5234 Josephum

317 5246 376 5299 Β.
402 5245 528 5301 Jud.
557 5247 610 5308 4,
644 5244 730 5307 11,
763 5241 867 5312 §5,
899 5257 931 5296 a
965 5258 1069 5310 qua
1101 5243 1309 5313 longius
1341 5245 1715 5302 discessimus.
1744 5249 1895 5302 Nilo-

320 5332 458 5394 polis
513 5338 632 5383 erat
667 5328 719 5381 in
775 5327 947 5381 insula
993 5327 1387 5396 Heracleotica,
1419 5331 1577 5400 cujus
1612 5333 1897 5402 episcopus

322 5413 611 5482 Ephesino,
644 5428 697 5481 p.
725 5411 822 5466 551
853 5412 1116 5466 Eusebius
1151 5412 1558 5478 Νειλουπόλεως
1591 5430 1712 5471 cum
1743 5429 1900 5472 Ctetc-

322 5499 396 5555 t'is
425 5496 697 5568 [Egyptiis
722 5511 914 5550 nomen
951 5496 1191 5551 ascribit.

391 5580 526 5637 Ibid.
581 5577 920 5648 Ἀφροδίτα).
980 5577 1174 5632 Forma
1234 5578 1348 5632 liter.
1399 5580 1651 5652 lEgyptia
1706 5595 1808 5649 cst,
1843 5594 1899 5638 ut

322 5664 557 5734 Λεοντὼ,
587 5662 772 5719 Λυκώ.
814 5661 1103 5718 Ριοιριιιεεο
1143 5663 1462 5736 Ἀφροδίτης
1509 5667 1682 5732 πόλις,
1724 5670 1894 5742 ωηο.

1183 242 1571 306 COMMENT.
1619 247 1700 307 IN
1742 249 2158 312 IIIEROCLIS
2203 253 2744 324 SYNECIHZIIUM.

3447 268 3588 334 1190

2019 367 2200 454 sarius
2215 369 2546 439 Ἀφροδιτῶν
2577 374 2865 443 Ephcsino,
2902 390 2952 446 p.
2977 378 3098 434 459.
3124 379 3244 434 Vid.
3283 383 3407 439 Ant.
3434 382 3597 454 Μῖνι,

2016 463 2070 516 p.
2107 449 2230 503 168.

2083 532 2212 587 Ibid.
2260 536 2506 606 Πέμερις.
2560 540 2805 610 Μέμφις.
2860 541 3030 608 Quam
3073 546 3258 600 urbem
3291 547 3432 601 cultu
3462 551 3598 620 Apis

2013 614 2272 697 l'amnsant
2313 621 2439 672 olim
2473 621 2639 676 fuisse
2673 636 2921 692 constat;
2975 629 3040 681 de
3089 645 3196 697 quo
3251 645 3374 683 cum
3408 614 3593 690 omnia

2002 695 2117 784 jam
2172 701 2281 753 sint
2328 703 2566 769 vulgata,
2619 695 3119 779 circumspiciauius
3167 722 3343 766 tamen
3392 715 3592 784 ecquid

2007 780 2142 835 lucis
2195 786 2603 843 obscurioribus
2636 792 2838 848 Lucani
2887 797 3065 849 Verbis
3099 797 3166 850 de
3204 799 3452 852 Achorea
3475 780 3587 853 —af-

2011 863 2140 916 ferri
2165 869 2335 932 possit
2378 869 2431 934 5,
2473 871 2578 926 477
2615 892 2629 928 ε
2663 875 2799 929 hunc
2845 879 3023 944 genuit
3074 891 3245 934 custos
3282 879 3401 933 Nili
3449 899 3588 937 cres-

2003 951 2162 999 centis
2203 951 2255 1001 in
2298 967 2458 1018 arva,
2509 955 2765 1026 Memphis
2818 976 2952 1013 varia
3001 963 3167 1015 sacris
3202 979 3220 1022 :
3260 963 3351 1016 illo
3389 965 3588 1020 cultore

2002 1027 2217 1116 deorum
2252 1034 2421 1087 lustra
2457 1054 2569 1090 sate
2596 1039 2810 1094 l’htebes
2860 1059 2962 1095 non
3004 1061 3140 1097 unus
3195 1056 3402 1100 vexerat
3438 1048 3586 1116 Apis.

2004 1105 2063 1158 In
2097 1113 2205 1167 illis
2251 1117 2416 1180 enim,
2471 1120 2561 1187 qui
2610 1122 2738 1190 Apis
2769 1125 2934 1178 lustra
2967 1142 3076 1180 suae
3113 1127 3345 1183 Phoebes
3390 1105 3587 1186 veh'ere

2005 1190 2237 1256 dicatur,
2277 1200 2362 1253 vix
2397 1202 2682 1270 intelligas.
2719 1206 2999 1273 Equidem,
3029 1225 3153 1263 cum
3187 1212 3238 1266 in
3277 1211 3449 1277 Regio
3477 1229 3579 1266 tns.

2004 1283 2057 1360 et
2091 1289 2200 1328 uno
2246 1277 2525 1339 Puluianni
2562 1285 2976 1358 Oudendorpius
3017 1295 3239 1347 duxerat
3274 1296 3579 1360 oll'euderit,

2003 1354 2210 1446 (πέτεται
2247 1362 2507 1446 maluero,
2543 1381 2600 1422 ut
2630 1371 2762 1440 Apis
2795 1354 2960 1427 lustra
2990 1390 3101 1429 sua:
3148 1375 3402 1444 Phoebes,
3459 1373 3580 1446 qui-

2004 1438 2113 1525 bus
2141 1444 2478 1525 sacerdotum
2508 1451 2562 1500 in
2597 1438 2742 1507 fonte
2769 1469 2975 1510 mersus
2994 1459 3346 1525 cnecabatur,
3377 1438 3580 1516 luxisse

2003 1523 2376 1612 perhibeatur;
2442 1526 2603 1597 idque
2654 1536 2783 1589 mihi
2849 1547 3133 1608 pr0pterea
3188 1523 3372 1596 arrisit
3433 1545 3578 1612 quod

2002 1618 2154 1692 sacra
2186 1605 2269 1659 illa
2299 1625 2509 1662 summo
2542 1628 2664 1666 cum
2701 1615 2841 1672 luctu
2877 1605 3114 1692 Egyptii
3151 1625 3399 1690 obirent;
3432 1605 3579 1680 unde

2002 1686 2246 1741 Tibullus
2273 1690 2306 1744 Ι.
2367 1706 2481 1753 VIII,
2514 1693 2582 1746 27
2621 1714 2636 1750 :
2673 1695 2742 1750 Te
2774 1703 2907 1753 canit
2933 1686 3092 1771 atque
3112 1722 3264 1758 suum
3291 1686 3447 1773 pubes
3483 1709 3582 1761 mi-

2000 1782 2150 1858 ratur
2195 1773 2391 1827 Osirim
2430 1776 2670 1831 Barbara
2696 1819 2711 1841 ,
2760 1779 3087 1848 Memphitem
3138 1788 3383 1858 plangere
3420 1791 3573 1842 (locta

2000 1852 2210 1908 bovem:
2231 1868 2284 1910 et
2314 1858 2521 1915 Statius
2542 1903 2556 1926 ,
2581 1863 2746 1916 simili
2784 1852 3308 1932 metaphorapTheb.
3345 1889 3386 1935 ι,
3411 1873 3518 1926 265
3562 1892 3576 1927 :

1997 1946 2046 1990 et
2079 1942 2291 1994 wrisoni
2317 1943 2550 2013 lugentia
2584 1947 2802 2015 ﬂumina
2843 1946 2978 2004 Nili.
3018 1948 3201 2018 Neque
3235 1957 3412 2011 oberit
3443 1952 3575 2012 c'on—

1991 2021 2220 2090 jectnrte
2259 2025 2438 2081 luctus
2490 2030 2610 2083 bovi
2647 2030 2928 2095 tributus,
2981 2033 3251 2100 siquidem
3301 2048 3472 2108 poene
3521 2040 3577 2094 id

1999 2108 2098 2160 sibi
2132 2108 2294 2163 licere
2340 2111 2697 2166 arbitrantur.
2747 2112 2893 2168 Idem
2926 2112 3129 2170 Statius
3163 2114 3319 2169 Theb.
3351 2139 3402 2182 ν,
3426 2123 3531 2176 554
3560 2142 3574 2176 :

1999 2205 2270 2260 regemque
2309 2203 2631 2262 peremptum
2666 2195 2775 2262 ipse
2813 2212 2955 2265 ager,
2984 2198 3086 2267 ipsi
3133 2215 3313 2252 amnes
3339 2209 3385 2252 et
3412 2213 3576 2268 ,muta

1998 2285 2240 2327 armenta
2284 2287 2599 2344 queruntur.
2649 2277 2765 2332 Etsi
2819 2289 2998 2333 autem
3053 2279 3302 2336 Lucanus
3345 2283 3395 2335 id
3447 2285 3578 2336 milii

1996 2355 2237 2410 Voluisse
2277 2359 2543 2420 videatur,
2596 2359 2737 2414 ultro
2782 2361 3176 2429 suspicionem,
3221 2365 3312 2418 ubi
3350 2366 3578 2419 meliora

1997 2438 2150 2495 fuero
2197 2444 2445 2505 edoctus,
2484 2444 2789 2508 damnabo;
2843 2461 3016 2514 neque
3049 2455 3228 2501 tamen
3263 2450 3398 2516 eripi
3443 2449 3578 2502 mihi

1997 2523 2174 2590 patiar
2238 2525 2576 2593 praesidium,
2643 2529 2784 2597 quod
2842 2529 2968 2583 hinc
3021 2531 3308 2584 Ammiano
3370 2533 3572 2585 veniet.

1996 2602 2198 2658 Scribit
2230 2606 2321 2668 22,
2361 2605 2426 2658 1-1
2458 2607 2596 2676 Apin
2629 2607 2793 2664 Luna:
2822 2611 2990 2666 fuisse
3019 2624 3312 2674 sacratum,
3347 2613 3577 2665 meritus

1994 2698 2282 2758 propterea
2319 2688 2571 2746 Salmasii
2604 2693 2656 2746 in
2682 2691 2877 2759 Solin.,
2903 2709 2956 2761 p.
2984 2694 3078 2748 311
3116 2695 3525 2764 castigationem
3554 2713 3567 2747 :

1993 2771 2130 2840 quod
2162 2781 2344 2825 contra
2391 2791 2569 2829 omnes
2604 2776 2917 2844 est.iuquit,
2953 2779 3044 2847 qui
3070 2778 3416 2848 ὁμοθυμαδὸν
3442 2780 3578 2848 Apin

1996 2850 2218 2917 Osiridi,
2250 2854 2304 2906 id
2327 2866 2402 2908 est
2447 2854 2580 2922 Soli,
2619 2858 2850 2911 dicatum
2885 2861 3082 2912 dixere.
3131 2861 3290 2928 Atqui
3326 2861 3578 2913 Lucanus

1994 2933 2214 2989 Ριλωιιειε
2261 2937 2377 2990 sive
2426 2937 2590 2992 Lunae
2635 2938 2772 3008 Apin
2822 2941 3228 2996 evidentissime
3313 2942 3576 3005 ascribit;

1997 3026 2051 3070 et
2081 3016 2412 3088 Porphyrius
2455 3021 2593 3088 apud
2631 3020 2826 3076 Euseb.
2877 3019 3055 3088 Prwp.
3090 3023 3289 3091 Evang.
3334 3039 3414 3087 ιιι,
3455 3024 3522 3076 15
3560 3041 3574 3076 :

1994 3099 2203 3172 Σελήνῃ
2233 3099 2289 3152 δὲ
2323 3100 2526 3172 ταῦρον
2555 3101 2814 3156 ἀνέθεσαν
2849 3103 2908 3156 ὃν
2945 3100 3114 3156 Ἀπιν
3153 3105 3574 3174 ἐπονομάζουσι.

1992 3181 2148 3237 Nunc
2177 3199 2207 3238 e
2239 3184 2559 3240 diverticulo
2587 3186 2641 3238 in
2665 3187 2804 3240 viam
2832 3197 2992 3256 atque
3015 3188 3081 3242 ad
3110 3187 3328 3243 Latona:
3361 3189 3572 3242 urbem.

2064 3265 2197 3320 Ibid.
2226 3267 2500 3332 Λίττους.
2537 3267 2769 3338 Λητοῦς,
2805 3271 2946 3322 unde
2977 3269 3131 3324 Isaac
3163 3272 3226 3323 ἐκ
3255 3269 3466 3341 Λητοῦς
3515 3270 3571 3323 iu

1994 3347 2191 3402 Meletii
2224 3348 2513 3412 Breviario,
2546 3365 2598 3418 p.
2631 3349 2752 3405 187.
2785 3351 2916 3405 Vide
2940 3352 3066 3406 Ant.
3098 3351 3256 3417 Itin.,
3292 3368 3342 3422 p.
3379 3351 3497 3406 156.

2066 3431 2200 3487 Ibid.
2268 3431 2578 3499 Θηϐαΐδος.
2658 3433 2831 3488 Unam
2910 3433 3238 3490 Thebaidem
3307 3423 3578 3506 Egypttts

1990 3514 2298 3570 Coastantii
2343 3515 2687 3584 imperatoris
2732 3527 2890 3572 aelate
2935 3517 3187 3582 habebat,
3242 3528 3303 3572 ut
3335 3535 3398 3573 ex
3449 3517 3565 3584 ejus

1989 3598 2218 3664 epistola
2269 3598 2406 3665 apud
2454 3599 2815 3654 Athanasium
2869 3608 2999 3655 tom.
3055 3602 3098 3666 I,
3128 3603 3328 3669 9.·174
3363 3601 3570 3655 videas.

1995 3677 2202 3731 Notitia
2234 3679 2362 3743 imp.
2401 3677 2628 3740 0rient.,
2653 3695 2701 3734 c.
2727 3681 2751 3731 1
2782 3697 2943 3733 unam
2968 3697 3180 3750 quoque
3203 3684 3372 3736 novit.
3409 3681 3576 3736 Secta

1991 3770 2176 3830 postea
2205 3760 2258 3812 in
2287 3760 2422 3812 duas
2465 3772 2568 3821 est,
2614 3775 2842 3828 quarum
2891 3761 3225 3816 Justinianus
3253 3765 3444 3818 Edicto
3482 3765 3571 3827 15,

2007 3856 2055 3894 c.
2085 3842 2173 3904 21,
2206 3841 2521 3911 priesidibus
2551 3842 2914 3914 subtlitarum,
2953 3845 3222 3899 meminit.

2065 3922 2202 3978 Ibid.
2260 3924 2537 3992 Ἑρμούη.
2577 3922 2652 3976 Ita
2680 3941 2782 3979 ms.
2827 3925 3128 3988 Leidensis,
3178 3926 3266 3980 alii
3329 3927 3567 3998 Ἕρμάη,

1993 4007 2135 4060 male
2163 4022 2371 4062 omnes.
2430 4007 2796 4079 Ἐρμούπολις
2839 4025 2968 4064 vero
2996 4010 3214 4064 nomine
3242 4010 3341 4064 fuit
3361 4051 3375 4074 ,
3408 4025 3570 4081 quam

1994 4090 2242 4161 μεγάλην
2283 4092 2569 4156 vocabant,
2621 4101 2679 4146 ut
2703 4092 2771 4147 ab
2820 4093 3012 4156 altera,
3058 4108 3217 4162 quam
3249 4108 3410 4162 supra
3446 4094 3571 4148 tetio

1991 4173 2190 4242 gimus,
2242 4174 2606 4229 dicernerent.
2656 4173 2969 4229 Gennadius
3008 4174 3423 4245 Ἐρμουπόλεως
3478 4193 3572 4245 με·

1993 4257 2166 4326 γάλης
2196 4257 2366 4310 adl‘uit
2397 4255 2701 4327 Ephesius:
2742 4259 2994 4314 secunda:
3035 4258 3279 4327 synodo,
3305 4268 3493 4326 estque
3518 4259 3572 4312 iu

1994 4338 2443 4402 Chalcedonensi,
2474 4353 2527 4408 p.
2561 4339 2683 4394 127.
2721 4341 2852 4396 Vide
2881 4339 3011 4393 Itin.
3054 4340 3205 4404 Aut.,
3235 4354 3287 4408 p.
3317 4339 3440 4393 127.
3473 4339 3570 4394 Se-

1994 4432 2249 4493 quentcm
2284 4421 2460 4491 legere
2492 4436 2598 4476 non
2627 4423 2902 4478 recordor.

2066 4506 2202 4560 Ibid.
2235 4501 2494 4558 'Arttru').
2548 4503 2642 4558 Sic
2674 4513 2726 4557 et
2761 4503 3010 4560 Moschus
3058 4504 3113 4558 in
3144 4501 3302 4558 Prat.
3351 4501 3571 4571 Spirit.,

1995 4605 2047 4646 c.
2082 4602 2266 4642 χχχιιι
2299 4595 2354 4641 et
2385 4584 2616 4640 Ruﬁnus
2642 4585 2695 4639 in
2730 4583 2836 4639 Vit.
2885 4594 3143 4651 Patrum.,
3190 4603 3240 4640 c.
3272 4585 3340 4640 12
3374 4602 3388 4640 :
3431 4586 3576 4639 Vidi-

1993 4688 2110 4724 mus
2142 4681 2190 4724 et
2227 4669 2396 4723 alium
2438 4684 2610 4722 senem
2647 4675 3006 4734 venerabilem,
3060 4668 3232 4722 Etiam
3267 4671 3493 4734 nomine,
3519 4669 3573 4721 in

1995 4752 2190 4821 finibus
2220 4751 2447 4805 ciuitatis
2472 4750 2685 4813 Antino,
2712 4765 2828 4803 aua’
2851 4762 2923 4803 est
2943 4752 3237 4819 metropolis
3271 4751 3575 4807 Thebaidis.

1997 4835 2270 4890 Palladius
2320 4833 2467 4887 Hist.
2526 4831 2717 4895 Laus”
2773 4846 2819 4885 c.
2881 4847 3056 4886 Luxv
3087 4845 3135 4887 et
3166 4849 3385 4886 Lxxxvn
3417 4834 3574 4886 πόλιν

1995 4918 2268 4974 Ἀντινόου
2305 4924 2482 4970 vocat.
2517 4914 2675 4970 Plura
2717 4916 2781 4968 ad
2818 4913 2946 4966 ltm.
2981 4915 3108 4969 Ant.
3131 4954 3146 4978 ,
3185 4932 3236 4983 p.
3272 4917 3395 4968 167.

2066 5002 2203 5057 Ibid.
2253 5001 2564 5055 Ἀκούασα.
2607 5000 2684 5054 Ita
2734 4999 2944 5054 scheita:
2981 4996 3286 5054 Leidenses.
3342 4999 3576 5055 llolstei-

2000 5089 2120 5144 nius
2152 5086 2406 5141 Φάκουσα
2437 5086 2705 5146 emendat,
2733 5093 2785 5136 et
2815 5098 2920 5136 ms.
2950 5084 3132 5145 Κασος
3171 5083 3349 5153 legere
3379 5085 3572 5137 admo-

2001 5182 2128 5237 net;
2181 5169 2268 5224 cui
2321 5168 2622 5235 astipulari,
2701 5165 2800 5220 etsi
2851 5178 3174 5232 magnopere
3223 5165 3407 5229 velim,
3459 5181 3568 5219 non

1997 5268 2240 5323 possum.
2277 5250 2516 5305 Phacusa
2559 5251 2707 5304 vicus
2758 5257 2894 5309 erat,
2950 5246 3228 5316 Stephano
3271 5256 3426 5312 teste,
3478 5246 3575 5301 ΛΞ-

1999 5345 2216 5407 gyptum
2273 5335 2419 5387 intrr
2462 5344 2513 5387 et
2547 5331 2834 5387 Arabicum
2884 5343 3055 5392 mare,
3108 5329 3244 5395 sive,
3291 5339 3349 5383 ut
3397 5329 3574 5384 Ptole-

2002 5435 2190 5483 tnaeus,
2249 5416 2564 5485 metropolis
2599 5414 2738 5467 nomi
2781 5412 3017 5467 Arabia}.
3065 5412 3330 5466 Praeterea
3380 5413 3577 5467 Strabo

2003 5519 2097 5568 ιιι,
2128 5503 2312 5572 p.805
2373 5502 2527 5556 Iussa:
2585 5496 2946 5558 Ptolemaicaa,
2997 5511 3116 5565 qua:
3172 5510 3239 5549 ex
3288 5495 3578 5550 Bubastico

2001 5600 2161 5639 amne
2191 5586 2241 5638 in
2269 5586 2448 5639 sinum
2494 5582 2784 5637 Arabicum
2815 5586 2934 5634 erat
2965 5579 3218 5648 perducta
3251 5619 3266 5644 ,
3302 5575 3576 5632 Pbaccusa

2007 5671 2104 5740 (sic
2136 5671 2279 5724 enim
2309 5666 2559 5739 appellat)
2601 5665 2811 5720 initium
2847 5677 2965 5719 esse
3001 5663 3252 5718 allirmat.
3293 5661 3422 5727 Quae
3458 5677 3576 5716 om-
