3958 6216
502 269 636 336 1191

486 382 574 435 nia
626 376 924 430 Phacusam
984 371 1036 426 iu
1095 368 1518 440 Augustamnica
1577 367 1748 434 prima
1805 363 1970 416 fuisse
2007 368 2061 412 et

486 459 776 528 Iongssime
842 455 965 509 hinc
1040 465 1300 508 semotam
1373 449 1633 505 indicant.
1715 447 1916 502 Verum
1981 451 2063 496 cst

488 543 720 604 Κοῦσαι,
755 540 895 592 unde
923 537 1079 591 Cusis
1121 535 1249 589 Irin.
1294 536 1442 599 Ant.,
1476 549 1528 602 p.
1559 532 1682 594 157,
1714 529 1854 600 quod
1881 528 1991 581 adi.

557 625 678 679 Col.
715 622 838 676 156.
876 621 1107 673 Λύκων.
1146 618 1202 671 Si
1241 618 1391 669 πόλιῢ
1415 617 1664 676 addatur,
1690 614 1888 667 bonum
1917 610 2062 664 erit:

487 707 772 774 ra'teroqui
802 701 966 757 Λυκὼ
1004 701 1378 771 [Εςγιιιίοιοιιιιι
1413 714 1562 752 more
1587 696 1696 750 dici
1729 695 1972 756 assolet,
2006 701 2066 745 ut

488 791 726 843 Palladio
757 787 897 840 IIist.
942 785 1125 846 Laus.,
1175 799 1224 838 c.
1279 799 1361 836 xu
1410 792 1465 836 et
1487 782 1752 836 Cassiano
1777 781 1843 834 de
1883 777 2061 832 Instit.

489 872 742 936 Renunt.,
800 887 873 933 Iv,
916 869 1020 922 I5:
1059 864 1298 920 Primum
1330 867 1574 920 abbatem
1617 865 1914 925 Joannem,
1975 860 2066 930 qui

487 963 926 1008 commemorata;
973 962 1041 1004 cst
1078 951 1240 1016 juxta
1292 948 1472 1018 Lyco,
1517 951 1654 1016 quod
1689 956 1763 998 est
1821 944 2065 1012 oppidum

492 1036 801 1090 Thebaidos.
864 1045 918 1088 ct
976 1033 1170 1086 Collnt.
1230 1031 1290 1095 I,
1348 1047 1398 1084 c.
1438 1031 1530 1084 21.
1587 1029 1736 1083 Adde
1790 1038 2062 1080 canouem

487 1118 772 1188 Theophili
839 1117 981 1186 apud
1039 1116 1294 1182 Bevcrcg.
1352 1123 1484 1166 tom.
1521 1109 1584 1174 ll,
1618 1125 1670 1177 p.
1713 1108 1836 1173 575,
1870 1118 1924 1161 et
1949 1114 2064 1169 quae

488 1203 560 1256 ibi
597 1187 900 1254 Balsamon.
931 1200 1088 1253 Cusis
1120 1196 1189 1250 Μ.
1223 1197 1280 1250 Ρ.
1329 1194 1556 1249 561ιὶη.
1587 1194 1715 1246 Αηι.
1747 1187 2021 1246 dissociat.

560 1283 692 1336 Ibid.
760 1281 1017 1350 Ὑψηλή.
1079 1280 1192 1332 lloc
1248 1292 1406 1331 manu
1461 1285 1718 1332 exaratus
1768 1275 1923 1330 liber,
1971 1267 2062 1334 qui

490 1365 732 1431 Lugduni
772 1366 823 1416 in
858 1362 1072 1415 Batavis
1107 1369 1208 1424 est,
1255 1360 1467 1428 probat.
1504 1353 1802 1411 Athanasio
1832 1351 2056 1431 Apofog.

489 1465 537 1502 ε.
571 1429 785 1507 striam,
819 1461 870 1514 p.
918 1443 1018 1496 185
1062 1441 1368 1510 Ὕψηλιτῶν
1394 1439 1565 1498 πόλις,
1605 1431 1905 1503 Epiphanio
1931 1429 2061 1514 Ηαέέ

491 1546 614 1591 res.,
645 1544 766 1582 ωιιί
798 1513 845 1580 ον.
876 1528 908 1580 2
957 1524 1168 1594 Ὕψηλὴ
1207 1523 1360 1584 πόλις
1393 1522 1533 1576 οὕτω
1564 1514 1875 1584 καλουμένη
1936 1513 2064 1581 περὶ

488 1611 588 1681 τὴν
631 1610 895 1678 Θηϐαΐδα.
935 1606 1064 1660 Vide
1101 1605 1205 1660 CII.
1254 1602 1540 1659 Ccllarium
1571 1598 1635 1653 Ο.
1667 1600 1730 1653 Α.
1761 1597 1794 1652 4
1827 1613 1866 1662 1,
1895 1611 1948 1665 p.
1971 1595 2062 1660 70,

489 1703 544 1750 et
572 1696 636 1749 de
661 1693 907 1763 sequenti
943 1691 1072 1745 Itin.
1108 1690 1198 1751 Λ.,
1223 1705 1275 1753 ρ.
1303 1685 1425 1738 158.

563 1777 694 1830 Ibid.
729 1775 985 1830 Ἀντέου,
1016 1773 1117 1827 Pro
1148 1767 1411 1828 Ἀνταίου,
1464 1764 1689 1818 solemni
1747 1763 2063 1818 recentiori-

491 1859 590 1911 bus
621 1874 793 1923 more,
829 1867 885 1911 ut
910 1857 976 1910 ad
1009 1856 1195 1904 Anton.
1226 1847 1357 1901 Itin.
1409 1846 1665 1900 vidimus.
1699 1843 1932 1899 Causam
1963 1860 2062 1898 no-

493 1941 655 1994 Iniuis
688 1940 899 2008 locique
918 1939 1079 1986 situm
1133 1930 1398 1984 Diodorus
1453 1944 1490 1991 ι,
1541 1945 1593 1996 p.
1632 1927 1697 1981 I8
1729 1927 1925 1997 signat,
1973 1943 2064 1994 γε·

491 2024 678 2076 νέσοαι
733 2024 998 2085 inquiens,
1052 2013 1149 2084 τὴν
1211 2013 1393 2082 μάχην
1448 2012 1597 2080 παρὰ
1653 2009 1744 2062 τὸν
1794 2010 2062 2080 ποταμὸν,

492 2106 720 2173 πλησίον
759 2100 856 2166 τῆς
883 2097 977 2150 νῦν
1021 2095 1274 2156 Ἀνταίας
1325 2091 1520 2163 κώμης
1577 2091 1938 2162 καλουμένης,
1997 2092 2064 2161 ἥν

493 2189 702 2240 κεῖσθαι
724 2181 824 2252 μὲν
847 2180 1098 2244 λέγουσιν
1121 2181 1179 2230 ὲν
1204 2177 1281 2248 τῷ
1308 2175 1452 2230 κατὰ
1473 2176 1569 2247 τὴν
1595 2175 1857 2246 Ἀραϐίαν
1886 2178 2062 2247 μέρει,

490 2271 584 2332 τὴν
611 2263 982 2333 προσηγορίαν
1023 2261 1068 2314 δ’
1111 2260 1256 2329 ἔχειν
1280 2259 1385 2312 ἀπὸ
1429 2257 1522 2312 τοῦ
1576 2258 1928 2321 κολασθέντος
1973 2259 2065 2328 ὑφ’

499 2345 832 2415 Ἡρακλέους
855 2345 1122 2409 Ἀνταίου,
1147 2342 1239 2395 τοῦ
1271 2345 1414 2397 κατὰ
1441 2341 1539 2412 τὴν
1562 2342 1825 2411 Ὀσίριδος
1849 2342 2066 2412 ἡλικίαν

488 2428 802 2497 γενομένου.
839 2426 1226 2480 Rhodomanus
1273 2425 1448 2478 vit-um
1501 2426 1763 2479 vertendo
1811 2425 1868 2478 in
1917 2436 2066 2492 parte

487 2513 714 2579 quadam
745 2511 960 2564 Arabia:
990 2510 1283 2571 Collocans,
1321 2509 1460 2561 haud
1489 2523 1618 2562 sane
1671 2509 1904 2561 attendit
1953 2521 2063 2561 rem

489 2593 545 2646 in
581 2590 819 2662 Egypto
844 2607 965 2646 csse
991 2602 1219 2662 gestam.
1261 2591 1440 2644 I’osita
1471 2591 1600 2644 urbs
1647 2593 1761 2644 sive
1799 2593 1952 2646 vicus
1998 2590 2066 2644 ad

491 2674 757 2728 orientem
789 2683 906 2728 erat
973 2675 1096 2738 Nili,
1151 2684 1206 2727 ut
1239 2673 1558 2727 Ptolema'us
1606 2687 1821 2740 quoque
1869 2673 2064 2738 docet;

489 2772 648 2825 quem
683 2765 915 2812 tractum
969 2757 1180 2810 Arabia;
1215 2756 1446 2807 vicinum
1481 2751 1704 2808 faciunt.
1758 2753 1891 2808 Vide
1926 2752 2060 2808 Itin.

491 2840 641 2906 Αηι.,
671 2855 725 2910 ρ.
788 2842 908 2904 164,
936 2849 989 2894 et
1019 2840 1084 2894 de
1109 2838 1283 2901 Πανὸς
1319 2839 1418 2908 (sic
1448 2839 1592 2892 enim
1633 2845 1778 2893 recte
1812 2851 1914 2892 ms.
1939 2837 2065 2892 Lei-

491 2924 701 2992 densis)
732 2926 886 2988 urbe,
925 2940 978 2993 p.
1011 2924 1132 2977 l66.

566 3009 702 3062 Ibid.
739 3010 948 3074 Ὤασις
968 3006 1224 3078 μεγάλη.
1261 3007 1456 3068 Ὄασις
1487 3005 1719 3075 μεγάλη,
1747 3005 1821 3060 uti
1853 3006 2066 3063 Socrati

495 3093 567 3147 II.
610 3095 672 3145 Ε.
710 3108 770 3156 ιι,
809 3092 880 3147 28
915 3093 1115 3146 dicitur
1169 3092 1202 3161 ἡ
1257 3089 1369 3144 ἄνω
1405 3092 1599 3152 "Umor;
1650 3087 1792 3142 IIist.
1852 3089 2062 3152 Arium,

497 3193 549 3245 ξ).
578 3177 678 3229 587
711 3185 762 3227 et
797 3174 1007 3245 μεγάλη
1056 3175 1247 3237 Ὀασις
1281 3173 1505 3242 Apolog.
1551 3171 1617 3226 ad
1662 3170 2066 3239 Constantium,

494 3277 545 3327 ιν.
579 3257 701 3310 516.
751 3257 965 3311 Siccam
1029 3266 1083 3311 et
1117 3255 1326 3311 exsiliis
1357 3254 1617 3309 famosam
1665 3252 1831 3307 fuisse
1875 3264 2068 3322 praeter

491 3343 626 3394 alios
664 3341 932 3392 Diodorus
962 3337 1252 3393 Tarsensis
1298 3338 1436 3405 apud
1472 3335 1724 3390 Pbmium
1771 3336 1888 3390 cod.
1939 3336 2064 3399 225,

492 3438 546 3491 p.
584 3423 680 3475 071
713 3424 890 3474 docet.
943 3421 1203 3483 Zonaras,
1260 3421 1351 3487 qui
1387 3422 1438 3471 in
1486 3418 1789 3472 TLeodosiu
1834 3420 2068 3472 Secundo

493 3504 660 3558 Uasitt
695 3503 909 3555 Arabia:
952 3503 1227 3570 regionum
1259 3501 1354 3563 ait,
1395 3512 1635 3553 errorem
1673 3512 1933 3552 excusare
1960 3513 2065 3553 non

493 3586 707 3652 poteril.

566 3666 701 3718 Ibid.
753 3664 901 3718 Ὑπὸ
932 3663 1141 3719 ὃοῦκα.
1189 3662 1366 3718 Unum
1399 3661 1696 3719 Constantii
1729 3662 2068 3732 imperatoris

495 3761 734 3819 tempore
769 3749 1035 3820 {Egyptus
1062 3750 1256 3803 ducem
1287 3749 1541 3810 habebat,
1575 3747 1668 3817 qui
1701 3747 1780 3802 rei
1816 3747 2068 3804 militaris

493 3849 677 3886 curam
705 3845 906 3899 ageret.
942 3833 1268 3886 Athanasius
1297 3830 1439 3887 IIiat.
1467 3832 1680 3894 Arian.,
1705 3845 1760 3900 p.
1787 3830 1892 3885 594
1909 3833 2067 3887 modo

493 3918 872 3987 λαμπρότατον
902 3915 1087 3981 δοῦκα,
1124 3917 1282 3970 modo
1317 3915 1725 3987 στρατηλάτην,
1759 3925 1817 3969 ιιι
1844 3915 2063 3987 Apolog.

494 4006 562 4055 ad
590 4002 986 4067 Constantium,
1034 4017 1086 4069 p.
1118 4001 1244 4065 518,
1273 4002 1499 4071 ειιψρῆυι
1529 4017 1543 4065 ;
1577 4010 1758 4069 postea
1791 3999 1895 4055 duo
1923 4015 2068 4054 con-

496 4084 669 4137 Stilttli
721 4093 866 4147 sunt,
935 4087 1070 4137 alter
1099 4082 1427 4146 Thebaidos,
1473 4081 1654 4152 Libyae
1699 4081 1855 4145 alter,
1915 4083 2066 4150 cujus

498 4168 778 4233 utriusque
817 4165 1022 4219 Notitia
1075 4169 1200 4234 imp.
1237 4166 1464 4232 0rient.,
1495 4181 1546 4220 c.
1580 4181 1591 4218 l
1621 4175 1676 4218 et
1709 4164 1744 4218 Ι.
1790 4164 1888 4217 ull.
1915 4180 1965 4218 c.
2000 4168 2066 4219 de

499 4249 696 4302 Divers.
736 4249 881 4316 Oﬁic.
907 4250 1172 4302 meminit.
1202 4247 1544 4302 Justiuiauus
1572 4249 1690 4302 dein
1726 4245 1910 4301 Edicto
1945 4263 2061 4314 xm,

495 4348 546 4386 c.
573 4332 643 4384 22
693 4335 824 4384 duas
871 4329 1203 4384 Thebaidos
1243 4331 1335 4385 uni
1389 4331 1507 4385 duci
1560 4329 1860 4396 mandavit,
1908 4332 2064 4399 eique

497 4418 775 4484 utriusque
807 4414 1098 4483 provinciae
1135 4415 1386 4482 praesides
1417 4428 1606 4482 parere
1625 4413 1809 4482 jussit.

566 4499 702 4553 Ibid.
761 4499 1112 4566 Πτολεμαῒς.
1173 4497 1298 4552 Haec
1362 4507 1446 4552 est
1506 4496 1795 4552 Ptolemais
1857 4496 2065 4552 llermi—

502 4583 727 4653 Ἑρμίου
777 4582 1080 4650 Πτολεμαῒς
1114 4597 1218 4636 Iron
1262 4581 1398 4651 apud
1445 4579 1788 4634 Ptolemaeum
1831 4590 2060 4648 tantum,

492 4671 585 4720 sed
616 4676 669 4720 et
696 4665 1038 4718 Theodorum
1073 4664 1455 4716 Melitcniotam
1486 4661 1746 4715 Prowmio
1778 4664 1831 4715 in
1873 4663 2059 4718 Astro-

492 4767 632 4802 nom.
669 4758 798 4802 tom.
832 4762 885 4800 Ix
927 4745 1061 4799 Bibl.
1091 4746 1257 4800 (ἔναξε.
1304 4743 1561 4810 Fabricii,
1591 4761 1646 4815 p.
1684 4745 1810 4800 212.
1843 4745 2057 4802 Zusimo

438 4886 444 4892 ,
494 4835 526 4903 ἠ
567 4829 710 4884 κατὰ
739 4831 839 4900 τὴν
863 4827 1102 4899 Θηϐαΐδα
1130 4829 1454 4899 Πτολεμάῖς,
1491 4847 1528 4893 ι,
1569 4829 1628 4883 71
1657 4845 1674 4896 ;
1705 4841 1894 4884 auctor
1922 4831 1958 4884 l.
1991 4829 2056 4885 Ill

493 4915 755 4979 Maccab.,
809 4911 988 4979 c.'vII,
1031 4914 1094 4967 I7
1141 4913 1522 4969 Ptolemaidem
1577 4914 1775 4980 habet,
1827 4930 1947 4985 qua:
1989 4929 2054 4970 ex

489 5001 593 5055 loci
667 4999 880 5068 ingenio
955 4997 1240 5068 ροδοφόρος
1307 4999 1929 5053 diccbaturznostrane
1984 5015 2052 5053 an

489 5085 652 5140 statio
683 5082 976 5139 Ptolemais
1008 5082 1058 5135 in
1098 5082 1370 5140 Ausinoita
1406 5098 1566 5138 nomo
1593 5084 1686 5146 sit,
1716 5099 1819 5136 non
1851 5092 2053 5138 temere

493 5171 723 5224 dixero..
743 5169 815 5221 De
846 5164 1080 5235 Diospuli
1119 5166 1242 5218 Ant.
1277 5165 1427 5230 ltin.,
1461 5182 1511 5234 p.
1547 5166 1666 5220 I59.

560 5253 698 5308 Ibid.
738 5251 1015 5318 Τέντρυα.
1049 5247 1187 5317 Lege
1216 5249 1478 5320 Τὲντυρα.
1518 5248 1647 5304 Vide
1683 5249 1901 5304 ibidem.

558 5333 692 5390 Ibid.
742 5334 1315 5402 Μαξιμιανούπολις.
1376 5332 1577 5386 Nomen
1641 5348 1670 5385 a
1736 5332 2060 5388 Maximiano

492 5419 754 5473 Ilerculeo
803 5419 1126 5486 impetrasse
1165 5416 1392 5468 videtur.
1433 5413 1488 5467 ln
1514 5415 1709 5469 Μοιριὶί
1752 5415 2057 5482 Breviario,

490 5520 542 5572 ρ.
578 5504 672 5558 187
708 5501 1209 5572 Μαξιμιανούπολις
1241 5502 1430 5554 vitiose
1456 5500 1671 5554 dicitur.
1703 5502 1850 5555 Adde
1886 5489 2084 5555 Notit.‘

489 5587 613 5649 imp.
647 5584 875 5649 0rient.,
905 5598 955 5637 c.
983 5584 1104 5636 M5.

556 5665 690 5721 Ibid.
747 5667 1010 5732 Κῶπτος.
1076 5666 1308 5729 Κόπτος.
1367 5666 1662 5735 Xenophon
1722 5668 1914 5736 Ephcs.
1981 5683 2051 5732 Iv,

1529 256 1911 320 ADDENDA.
1949 278 2014 288 --
2051 253 2113 311 Ρ.
2159 244 2668 310 WESSELINGI-I

3636 236 3810 302 1192

2167 373 2222 428 p.
2251 357 2340 421 56,
2370 353 2583 407 Κόπτον
2609 351 2708 418 τῆς
2739 343 3018 407 Αἰθιοπίας
3057 342 3286 413 πλησίον
3317 351 3515 409 vocat,
3546 355 3625 398 et
3675 346 3811 401 fre.

2166 426 2384 506 quentia
2423 446 2782 489 mercatorum
2814 431 2863 482 in
2891 427 3228 496 Etliiopiam
3256 426 3545 481 Indiamve
3577 438 3810 485 trans-

2147 521 2476 578 mittcutium
2503 517 2762 572 celebrem
2781 513 2878 566 ait.
2903 510 3076 564 Statio
3112 508 3273 564 Tlteb.
3301 525 3340 575 I,
3358 510 3497 573 265,
3533 511 3804 568 Marco.

2166 605 2275 657 :ica
2301 603 2493 669 Coptos
2519 641 2535 666 ,
2577 601 2706 653 satis
2755 593 2945 648 audaci
2997 594 3189 662 figura.
3221 593 3350 659 Qua:
3399 609 3539 649 vero
3588 597 3730 649 illic
3769 614 3802 649 a

2168 683 2450 740 Lactantio
2499 684 2561 738 de
2619 680 2762 732 Iside
2809 685 3104 743 notantur,
3150 677 3363 747 plenius
3411 679 3794 734 scholiastes

2166 767 2390 822 Luciani
2423 779 2549 818 tom.
2579 763 2645 825 II,
2678 777 2730 829 p.
2765 762 2836 816 55
2865 761 3114 829 exponit.

2237 852 2372 906 Ibid.
2408 849 2600 900 Φίκαι.
2638 846 2865 900 Rectum
2916 853 3000 899 est
3027 843 3215 908 Φίλαι,
3264 845 3332 898 de
3382 846 3594 914 quibus
3640 847 3791 902 Au.

2171 933 2325 992 Irim,
2358 944 2410 998 p.
2449 929 2570 984 164.

2232 1012 2369 1067 Ibid.
2420 1009 3049 1078 Διοκλητιανούπολις.
3102 1010 3199 1064 Est
3253 1009 3306 1064 in
3360 1010 3488 1066 aliis
3538 1026 3789 1082 quoque

2169 1094 2412 1147 Notitiis.
2433 1093 2664 1148 Condita
2697 1093 2928 1153 videtur,
2950 1107 3071 1146 cum
3095 1091 3462 1148 Diocletianus
3481 1095 3542 1148 in
3570 1097 3785 1150 Achil-

2167 1176 2310 1232 leum
2339 1192 2490 1231 arma
2525 1188 2765 1230 moveret
2800 1184 2855 1230 et
2898 1174 3183 1245 Egyptios
3215 1175 3272 1230 in
3307 1177 3570 1232 ordinem
3598 1195 3775 1249 coge-

2166 1269 2246 1314 ret
2278 1277 2290 1312 :
2324 1268 2435 1314 tum
2467 1259 2608 1315 enim
2643 1258 2790 1312 varia
2829 1272 2925 1328 per
2948 1259 3086 1312 hanc
3131 1259 3473 1328 provinciam
3529 1259 3767 1317 castélta

2165 1345 2442 1408 excitavit,
2469 1346 2532 1399 de
2558 1344 2754 1412 quibus
2773 1342 2857 1397 «ιο.
2883 1341 3072 1396 Malala
3103 1351 3234 1396 tom.
3265 1342 3309 1407 Ι,
3341 1359 3396 1413 ρ.
3425 1345 3559 1400 109.

2237 1427 2369 1482 Ibid.
2415 1423 2790 1494 Ἐρέσόυθος.
2822 1424 3030 1479 Vereor
3054 1429 3412 1480 vehementer
3438 1437 3500 1481 ut
3524 1444 3584 1482 se
3609 1428 3764 1482 tueri

2166 1511 2268 1564 hoc
2293 1510 2486 1578 possit.
2527 1509 2826 1580 Nusquam,
2857 1507 2999 1576 quod
3043 1509 3263 1577 quidem
3310 1511 3505 1574 sciam,
3544 1527 3614 1567 eo
3657 1530 3769 1565 no-

2167 1595 2310 1650 mine
2337 1594 2522 1649 urbem
2561 1595 2613 1649 in
2663 1593 2925 1648 Thebaide
2957 1593 3133 1647 inveni
3162 1611 3176 1658 ;
3207 1603 3260 1648 et
3303 1596 3408 1650 nisi
3432 1612 3517 1651 me
3562 1602 3767 1650 omnia

2165 1675 2374 1742 fallunt,
2427 1677 2716 1748 Ἐρμονθίς
2737 1717 2754 1741 ,
2787 1678 2852 1732 de
2881 1691 2984 1746 qua
3031 1675 3161 1730 Itin.
3195 1679 3346 1744 Ant,
3388 1696 3440 1749 p,
3474 1681 3603 1746 I60,
3625 1682 3765 1735 erit.

2235 1757 2372 1814 Ibid.
2403 1759 2664 1814 Λάττων.
2719 1760 2930 1823 Λάτιον,
2970 1773 3279 1828 quanquam
3322 1772 3376 1816 et
3411 1765 3645 1817 Λάττων
3702 1767 3764 1818 in

2179 1839 2296 1896 Vita
2330 1842 2388 1896 S.
2434 1841 2748 1907 Pachumii,
2791 1857 2842 1897 c.
2892 1840 3026 1910 vn§
3067 1841 3155 1896 52.
3202 1842 3469 1916 Latopolis
3510 1857 3626 1912 est,
3687 1851 3766 1902 ad

2167 1922 2298 1978 Itin.
2332 1925 2455 1980 Ant.
2489 1926 2626 1980 satis
2656 1925 2944 1980 illustrata.

2240 2008 2377 2062 Ibid.
2415 2008 2846 2074 Ἀπολλωνίας.
2897 2008 3248 2075 Ἀπόλλωνος,
3314 2011 3386 2064 uti
3434 2011 3557 2066 alia!
3611 2012 3760 2066 Νυ-

2169 2091 2303 2144 titia:
2345 2091 2606 2147 malunt:
2671 2091 2960 2147 Ptolemzco
3019 2108 3210 2163 magna
3275 2095 3527 2162 Apollinis
3575 2100 3760 2161 urbs,

2169 2171 2300 2228 Itin.
2324 2174 2450 2229 Ant.
2483 2175 2777 2245 Apollouos
2809 2177 3106 2246 superioris
3131 2187 3187 2231 et
3206 2176 3357 2232 Notis
3379 2180 3502 2245 imp.
3528 2179 3758 2235 Orienr.

2167 2274 2218 2316 c.
2253 2261 2376 2316 H5.
2408 2261 2528 2322 Mox
2565 2261 2764 2332 Ὅμϐοι
2797 2262 2933 2332 lege.

2249 2343 2615 2413 lbid.At6i§nc
2638 2345 2745 2414 τῆς
2770 2347 2915 2400 ἄνω.
2944 2346 3204 2415 Superior
3221 2348 3390 2421 Libya
3421 2348 3596 2406 Notit.
3616 2353 3748 2417 inp.

2171 2425 2377 2482 Orient.
2425 2444 2475 2484 c.
2512 2428 2562 2492 1,
2614 2429 2701 2483 ubi
2741 2439 2796 2483 et
2827 2429 3108 2497 praesidem
3142 2432 3321 2495 habet,
3362 2432 3582 2487 obvium
3610 2451 3744 2503 quo-

2168 2525 2275 2581 que
2321 2512 2371 2564 in
2417 2511 2567 2567 Actis
2617 2511 2675 2565 ὃ.
2730 2509 2878 2565 Lucii
2926 2511 3065 2580 apud
3108 2511 3462 2568 Lambecium
3511 2517 3736 2579 IIV.\‘III.

2169 2605 2221 2660 p.
2253 2591 2372 2648 206.
2394 2591 2534 2647 Bibl.
2566 2592 2852 2647 Vindeb.et
2878 2593 3153 2648 Athanasii
3182 2597 3337 2662 Apul.
3368 2608 3516 2653 cont.
3536 2600 3736 2662 Arium.

2171 2687 2302 2731 tom.
2336 2676 2376 2741 I,
2404 2691 2456 2744 p.
2489 2676 2609 2730 171.

2239 2757 2373 2813 Ibid.
2405 2759 2704 2820 Σὼζουσα.
2735 2757 2905 2827 Hujus
2923 2762 3152 2817 antistes
3177 2761 3431 2819 Zosimus
3457 2765 3745 2834 Σωζούςης

2169 2842 2398 2897 concilio
2429 2842 2698 2911 Ephesino
2738 2843 2974 2900 secundo
3009 2843 3151 2899 inter
3175 2848 3305 2899 Acta
3328 2845 3744 2906 Chalcedonen-

2169 2930 2270 2992 sia,
2301 2943 2358 2998 p.
2385 2926 2487 2980 127
2517 2927 2853 2998 subscripsit.
2904 2927 3162 2993 Σώζουσα
3214 2932 3316 3002 τῆς
3354 2935 3747 3001 Πενταπὸλεως

2170 3012 2365 3066 dicitur
2392 3008 2714 3078 Epiphanio.
2745 3013 2951 3065 Haeres.
2981 3027 3174 3076 LXXIII,
3204 3029 3254 3068 c.
3279 3015 3371 3080 26,
3401 3019 3538 3073 satis
3564 3033 3741 3076 recte:

2169 3107 2295 3147 nam
2328 3090 2494 3162 Libya
2527 3093 2772 3159 superior
2805 3093 3125 3164 Pentapolin
3157 3099 3553 3165 complectitur.

2241 3174 2377 3230 Ibid.
2425 3173 2693 3242 Κυρήνη.
2725 3173 3072 3231 Nobilissima
3113 3177 3239 3232 olim
3271 3182 3400 3236 urbs
3436 3180 3648 3252 Syuesii
3670 3202 3744 3240 ae-

2173 3266 2283 3311 tate
2310 3256 2637 3326 deploranda
2685 3264 2804 3310 erat
2852 3259 3184 3324 conditione,
3230 3275 3453 3330 prorsus
3493 3267 3739 3334 neglecta

2169 3350 2225 3395 et
2272 3341 2322 3394 in
2356 3341 2567 3394 ruinam
2623 3340 3019 3408 procumbens;
3062 3344 3203 3397 unde
3247 3356 3383 3398 orat.
3423 3349 3489 3401 de
3529 3347 3736 3420 ltrgno,

2171 3439 2223 3492 p.
2250 3423 2285 3476 2
2313 3425 2662 3479 meritissimo
2687 3423 3029 3493 imperatoris
3071 3441 3214 3498 Opem
3256 3429 3499 3496 implorat
3526 3449 3544 3483 :
3567 3435 3732 3498 Πόλις

2181 3505 2454 3575 Ἑλληνὶς,
2503 3507 2698 3576 inquit,
2731 3508 2961 3561 παλαιὸν
2993 3508 3162 3579 ὄνομα
3206 3511 3295 3563 καὶ
3324 3511 3382 3563 tv
3416 3512 3525 3582 ᾠδῇ
3553 3518 3732 3587 μυρίᾳ

2167 3589 2277 3640 τῶν
2299 3588 2467 3642 πάλαι
2492 3589 2694 3656 σοφῶν,
2720 3590 2813 3644 νῦν
2855 3591 3026 3662 πένης
3053 3594 3147 3645 καὶ
3181 3597 3424 3664 κατηφὴς
3455 3600 3550 3650 καὶ
3588 3599 3729 3667 μέγα

2169 3671 2426 3740 ὲρείπιον,
2453 3673 2546 3725 καὶ
2569 3672 2832 3741 βασιλέως
2863 3675 3135 3745 δεόμενον,
3153 3679 3201 3730 εί
3230 3677 3409 3748 μέλλει
3437 3697 3486 3732 τι
3511 3682 3735 3751 πράξειν

2168 3754 2269 3823 τῆς
2301 3757 2430 3825 περὶ
2471 3755 2640 3824 αὐτὴν
2661 3755 3042 3826 ἀρχαιολογίας
3069 3759 3312 3824 ἐπάξιον.
3342 3759 3499 3816 Plura
3527 3763 3580 3816 in
3609 3764 3731 3818 Ant.

2170 3835 2330 3899 Itin.,
2363 3852 2415 3906 p.
2449 3837 2538 3892 68.
2570 3836 2734 3891 Portu
2766 3840 3015 3894 utebatur
3052 3839 3350 3913 Phycunte,
3383 3845 3450 3900 de
3475 3861 3579 3914 quo
3602 3864 3730 3916 pne-

2169 3931 2251 3975 ter
2279 3921 2626 3975 Ptolemaeum
2655 3921 2795 3976 idem
2832 3923 3092 3992 Synesius
3137 3928 3293 3995 epist.
3325 3929 3388 3983 51
3432 3948 3447 3984 :
3478 3932 3733 4002 Ἄραντες

2169 4007 2233 4058 ὲκ
2261 4003 2565 4067 Φυκοῦντος
2612 4005 2926 4076 ἀρχομένης
2991 4007 3184 4078 Ἑῴας,
3229 4010 3410 4082 δείλης
3459 4014 3613 4083 ὀψίας
3660 4016 3735 4084 τῷ

2168 4089 2287 4142 κατ’
2315 4086 2587 4158 Ἐρυθρὰν
2641 4089 2826 4159 κόλπῳ
2886 4093 3284 4162 προσέσχομεν.
3342 4095 3443 4152 Ubi
3498 4099 3629 4152 male
3662 4101 3730 4152 de

2169 4169 2306 4224 mari
2345 4169 2528 4223 Rubro
2559 4169 2620 4223 D.
2651 4169 2900 4226 Petavius
2942 4176 3222 4243 cogitavit,
3251 4179 3395 4246 quod
3428 4178 3644 4234 fortasse
3674 4182 3730 4234 in

2169 4252 2337 4306 altera
2368 4253 2604 4306 editione
2633 4253 2892 4309 correxit.
2923 4253 3100 4311 Scribi
3129 4258 3288 4314 debet
3323 4261 3589 4331 Ἐρυθρόν,
3620 4279 3733 4330 quo

2169 4333 2386 4386 nomine
2421 4331 2596 4386 locum
2640 4333 2971 4388 maritimum
3016 4336 3068 4390 in
3105 4337 3388 4410 Pentapoli
3425 4341 3734 4398 Ptoleinmus

2168 4417 2332 4470 habet
2357 4424 2409 4469 et
2433 4415 2690 4484 Synesius
2721 4417 2834 4486 ipse
2861 4420 3014 4486 epist.
3035 4420 3121 4476 67.
3150 4423 3303 4480 Adde
3327 4428 3483 4493 epist.
3514 4428 3628 4483 I00.

2237 4498 2371 4552 Ibid.
2411 4499 2764 4566 Πτολεμαῒς.
2789 4499 3097 4559 Provinciis:
3134 4516 3221 4560 est
3250 4511 3557 4580 metropolis
3590 4513 3729 4578 apud

2172 4580 2457 4651 Syuesium
2482 4583 2639 4650 epist.
2674 4582 2742 4636 67
2774 4592 2828 4638 et
2865 4582 3042 4640 Nilum
3075 4588 3482 4660 Doxopatrium,
3517 4608 3574 4663 p.
3600 4594 3731 4650 225.

2167 4665 2282 4720 Non
2344 4665 2500 4734 longe
2554 4664 2741 4722 aberat
2784 4666 2974 4737 Barce,
3031 4687 3149 4742 quae
3204 4672 3482 4732 festinanti
3522 4694 3731 4732 manum

2169 4748 2368 4818 injicit.
2404 4748 2541 4805 Puto
2569 4765 2688 4805 eam
2723 4751 2774 4806 in
2810 4754 2993 4809 animo
3021 4764 3184 4826 atque
3204 4760 3375 4815 oculis
3409 4761 3572 4816 fuisse
3601 4767 3734 4816 scri-

2169 4832 2416 4900 ptoribus
2440 4834 2686 4899 vetustis,
2718 4835 2810 4904 qui
2835 4834 3020 4891 Jacobi
3063 4839 3278 4908 Majoris
3304 4843 3510 4896 exitum
3540 4846 3733 4898 descri-

2169 4929 2365 4982 psere;
2417 4916 2562 4984 quod
2599 4925 2656 4970 ut
2704 4925 2909 4985 pateat,
2958 4919 3102 4987 ipsos
3145 4922 3450 4985 audiamus.
3482 4924 3732 4994 Isidorus,

2169 5012 2262 5051 seu
2287 4998 2408 5066 quis
2437 4997 2574 5050 alius
2609 5007 2820 5062 auctor,
2846 4999 2899 5054 iII
2931 4998 3069 5057 libro
3094 5001 3162 5056 de
3189 5003 3310 5059 Vita
3338 5015 3392 5060 ct
3423 5004 3580 5061 Obitu
3604 5006 3735 5061 San-

2169 5088 2402 5143 ctorum,
2432 5079 2515 5132 hic
2548 5081 2610 5132 ab
2645 5079 2874 5149 Herode,
2907 5083 3101 5154 inquit,
3125 5090 3392 5143 tetrarcha
3424 5090 3597 5160 gladio
3633 5107 3732 5145 can

2168 5180 2256 5218 sus
2287 5162 2548 5227 occubuit,
2580 5165 2812 5229 sepultus
2845 5167 2900 5220 in
2924 5183 3044 5222 arce
3072 5169 3386 5227 Marmaria.
3405 5175 3495 5228 Sic
3522 5190 3618 5228 ms.
3639 5173 3728 5228 Je-

2165 5248 2427 5302 suitarmn
2459 5245 2950 5317 Autwerpiensium
2975 5253 3212 5320 praefert,
3249 5265 3305 5309 ut
3341 5257 3439 5324 ipsi
3479 5259 3729 5325 profiten-

2169 5341 2255 5382 tur
2291 5338 2419 5384 tom.
2452 5325 2518 5380 Vl
2549 5327 2680 5395 Jul.,
2714 5346 2765 5400 p.
2790 5331 2880 5387 85.
2910 5333 3013 5388 Alii
3050 5336 3284 5400 codices,
3333 5353 3468 5406 quos
3499 5339 3718 5393 Mariana

2171 5415 2224 5467 in
2273 5413 2536 5482 disputat.
2600 5414 2674 5467 De
2727 5417 2964 5469 Adventu
3019 5416 3075 5474 S.
3134 5419 3322 5473 Jacobi
3377 5423 3433 5475 in
3483 5421 3724 5491 Ilispan.,

2167 5515 2217 5553 c.
2255 5499 2283 5549 7
2309 5499 2563 5566 inspexit,
2596 5500 2646 5550 in
2680 5515 2799 5552 arce
2839 5510 2934 5554 aut
2982 5519 3107 5555 arca
3139 5503 3471 5571 Carmarica,
3503 5505 3724 5559 Marma-

2164 5585 2296 5646 rico,
2331 5581 2667 5644 Marmarico,
2712 5584 3167 5639 Acltimarmarica
3217 5591 3424 5655 edunt;
3460 5589 3722 5660 Martyrol.

2167 5665 2348 5730 Vetus,
2389 5677 2519 5721 tom.
2575 5666 2635 5718 Ill
2687 5668 2941 5725 .Inecdot.
2994 5672 3078 5725 ed.
3119 5670 3381 5741 Marti-ne,
3415 5691 3466 5746 p.
3521 5676 3642 5731 1519
3668 5677 3718 5728 in
