3980 6210
253 350 387 413 libi}

250 465 411 515 Acaia
460 458 805 513 Marrnarlca.
856 460 897 512 E
950 461 1143 529 quibus
1198 466 1443 518 mirilicis
1495 462 1819 519 lectionibus

252 547 470 615 Hispani
502 547 797 613 scriptores
828 545 994 599 multa
1025 549 1533 616 comminiscuntur,
1580 561 1633 603 ut
1665 546 1823 603 Jaco-

251 637 375 685 hutn
412 631 549 683 intra
576 645 684 682 sua:
715 629 950 695 regionis
987 629 1119 682 lines
1151 633 1472 686 tumulatqu
1512 635 1678 688 luisse
1710 632 1825 684 vin-

248 723 396 768 cant.
428 711 667 765 Mariana
705 726 887 765 arcam
922 712 1301 764 marmoricam
1334 713 1557 784 ellingit,
1586 717 1636 769 in
1660 728 1821 785 quam

245 800 484 852 Jacobus
512 797 673 851 fuerit
708 797 907 860 illatus,
948 811 1170 865 prorsus
1196 836 1209 859 ,
1251 807 1308 849 ιιι
1342 798 1406 848 de
1453 801 1706 853 vocabulo
1739 800 1827 853 si-

256 884 415 942 leam.
453 888 642 934 contra
674 880 958 947 scriptoris
986 889 1220 933 mentem
1248 895 1261 932 :
1293 877 1427 933 solet
1457 878 1598 932 enim
1624 882 1825 942 locum,

254 968 443 1034 inquo
478 964 581 1018 viri
622 964 822 1033 pietate
867 963 1101 1016 illustres
1144 962 1343 1015 fuerint
1390 960 1615 1026 sepulti,
1663 974 1827 1028 appo-

256 1064 407 1103 nere.
462 1046 621 1102 Aliud
669 1060 799 1110 ergo
849 1045 1066 1099 Maurus
1120 1043 1392 1099 Castellus
1445 1043 1730 1097 Ferrerius
1779 1053 1834 1094 et

255 1131 467 1199 Gaspar
501 1129 757 1183 Sanctius
802 1128 942 1197 apud
994 1136 1370 1181 exstrucrores
1426 1125 1602 1195 magni
1652 1122 1833 1192 operis

260 1216 447 1269 Sanct.
482 1224 613 1267 tom.
646 1211 712 1265 Vl
756 1210 890 1277 Joh,
933 1226 989 1279 p.
1036 1211 1105 1264 M
1148 1210 1272 1265 inde
1316 1217 1597 1272 eruerunt,
1627 1206 1835 1277 opinati

258 1297 603 1351 Tamaricam
631 1304 835 1347 rectam
867 1308 1016 1355 esse;
1059 1292 1402 1346 Tamaricam
1434 1299 1613 1344 autem
1644 1288 1836 1344 Galla:-

260 1381 357 1434 ciae
388 1394 510 1434 esse
535 1386 768 1447 partem,
800 1391 963 1445 quam
999 1374 1271 1430 Tamarici
1317 1375 1455 1444 apud
1501 1372 1694 1427 Melam
1718 1372 1774 1437 '5,
1807 1372 1831 1423 l

260 1464 392 1519 olim
425 1465 728 1517 habuerunt
762 1476 775 1523 ;
814 1460 954 1525 quod
1000 1460 1273 1527 posterius
1297 1468 1356 1513 ut
1382 1473 1571 1513 verum
1601 1470 1721 1511 esse
1746 1455 1840 1509 de-

263 1561 409 1611 mus,
445 1558 633 1612 magna
678 1552 857 1596 tamen
902 1542 1200 1597 dillerentia
1235 1544 1377 1597 inter
1406 1539 1752 1594 Tamaricam
1786 1545 1841 1592 et

264 1627 643 1681 Marmaricam
675 1639 794 1679 sese
824 1622 980 1678 olIert
1024 1642 1038 1679 ε
1077 1636 1128 1679 et
1155 1640 1272 1694 qua:
1303 1639 1427 1679 arca
1462 1622 1551 1677 illa
1585 1623 1700 1677 sive
1742 1635 1839 1673 arx

264 1710 603 1766 Tamarica?
655 1718 749 1763 aut
811 1709 900 1762 ubi
957 1709 1172 1763 tandem
1238 1709 1423 1763 lecta?
1475 1708 1755 1761 enimvero
1798 1705 1842 1759 si

245 1796 499 1871 partium
529 1792 766 1862 seposito
802 1793 982 1848 studio
1022 1808 1131 1848 rem
1167 1793 1339 1863 ipsam
1381 1789 1840 1852 consideraveris,

269 1880 400 1948 quid
430 1879 597 1945 magis
616 1877 807 1931 Isidori
828 1878 1007 1930 verbis
1036 1878 1501 1931 accommodatum
1525 1889 1647 1929 esse
1670 1882 1847 1942 potest

269 1962 441 2017 Barce
501 1961 869 2015 Marmarica?
927 1960 1238 2016 Praesertim
1298 1976 1422 2015 cum
1490 1956 1843 2026 Freculphus,

269 2056 399 2102 tom.
432 2046 500 2111 II,
534 2045 570 2099 l.
606 2060 667 2110 ιι,
701 2060 752 2099 c.
792 2044 827 2097 4
865 2044 1125 2099 Iacobum
1170 2044 1312 2097 intra
1346 2042 1748 2105 Marmaricam,
1792 2051 1848 2095 et

266 2132 585 2198 Anonymus
619 2129 852 2197 scriptor
883 2128 1135 2198 operibus
1176 2126 1494 2182 ()Ecumenii
1524 2125 1846 2195 praepositus

266 2215 325 2264 ὲν
355 2212 508 2265 πόλει
560 2211 661 2281 τῆς
694 2211 1069 2280 Μαρμαρικῆς
1114 2210 1384 2277 sepultum
1437 2207 1604 2263 fuisse
1643 2208 1846 2271 tradat,

263 2295 585 2364 librariique
616 2296 667 2348 in
699 2294 1034 2348 Marmaricae
1074 2294 1335 2347 vocabulo
1378 2307 1519 2361 saepe
1571 2292 1850 2362 peccarint

266 2380 522 2446 turpiter,
576 2387 631 2431 ut
677 2376 797 2443 Jos.
851 2377 1117 2431 Simlerus
1165 2386 1221 2429 et
1271 2375 1336 2431 Η.
1385 2376 1569 2431 Surita
1617 2377 1669 2428 in
1720 2375 1847 2427 Ant.

275 2460 431 2523 Itin.,
465 2475 518 2530 p.
556 2460 621 2512 70
653 2471 1001 2515 monuerunt.
1035 2460 1192 2514 Dices
1218 2460 1523 2515 Graeculum
1553 2459 1700 2513 illum
1730 2474 1849 2513 esse

272 2542 471 2597 nullius
523 2541 646 2597 ﬁdei
696 2552 749 2596 et
783 2542 946 2596 multa
1006 2557 1289 2611 perperam
1346 2544 1614 2609 miscere;
1671 2558 1849 2612 neque

270 2640 371 2694 ego
399 2639 668 2693 negavero
697 2642 712 2678 ε
745 2625 880 2679 satis
913 2633 1088 2678 tamen
1121 2625 1322 2679 indicat
1346 2624 1413 2678 de
1444 2623 1765 2678 Marmarica
1790 2638 1850 2679 se

272 2707 476 2777 aliquid
532 2707 884 2768 inaudivisse,
943 2724 1060 2767 non,
1101 2712 1165 2761 de
1214 2708 1521 2771 Tamarica,
1568 2723 1744 2778 neque
1785 2708 1851 2761 de

273 2806 398 2843 arca
429 2790 777 2845 marmorica.
822 2789 1001 2845 Probe
1034 2806 1161 2845 vero
1214 2790 1419 2845 Barcen
1467 2791 1847 2846 Marmaricam

275 2873 530 2944 appellari
564 2889 721 2929 nemo
757 2875 914 2928 facile
965 2876 1261 2943 negaverit,
1305 2876 1396 2941 qui
1438 2874 1792 2929 Marmaridas
1820 2892 1847 2929 a

274 2957 576 3013 Paraetonio
640 2958 706 3012 ad
759 2958 944 3035 Syrtin
1004 2972 1173 3027 usque
1236 2957 1494 3026 majorem
1569 2968 1851 3026 porrectos

274 3040 441 3095 luisse
471 3055 501 3094 e
538 3039 711 3094 Plinio
743 3039 810 3103 γ,
843 3042 876 3094 5
906 3041 1179 3099 didicerit.

344 3122 467 3177 Col.
490 3121 613 3177 156.
652 3124 935 3191 Τεύχηία.
962 3124 1073 3177 lmo
1097 3122 1386 3192 Τεύχειρα.
1415 3122 1676 3177 Vitiosum
1705 3123 1855 3175 urbis

278 3209 435 3277 hujus
452 3222 646 3262 nomen
664 3218 746 3263 est
763 3208 817 3262 in
840 3209 1071 3263 Diodoro
1088 3208 1292 3273 Siculo,
1311 3224 1518 3275 xvnt,p.
1536 3208 1640 3263 605
1660 3226 1673 3264 a
1696 3207 1853 3261 Μετὰ

277 3293 335 3346 δὲ
364 3292 538 3347 ταῦτα
562 3293 876 3364 θαρσήσας,
912 3294 1012 3364 καὶ
1037 3293 1135 3363 τὴν
1155 3292 1308 3345 πόλιν
1330 3292 1427 3363 τὴν
1445 3289 1855 3362 ὀνομαζομένην

274 3378 488 3448 ’Τάριχα
542 3378 995 3448 ἐκπολιορκήσας.
1050 3378 1191 3446 Lege
1231 3376 1539 3446 Τεύχειρα,
1594 3390 1853 3446 quorsum

278 3475 363 3514 res
394 3461 504 3527 ipsa
531 3470 587 3514 et
617 3476 747 3516 mss.
779 3461 1051 3514 variantes
1083 3460 1373 3528 scripturae
1405 3462 1629 3521 ducunt,
1655 3468 1709 3511 et
1733 3457 1856 3513 vide

275 3546 473 3600 Anton.
516 3545 672 3607 ltin.,
704 3562 755 3613 p.
789 3545 857 3599 67
897 3556 948 3599 et
988 3545 1158 3599 schol.
1192 3544 1409 3599 Pindari
1466 3542 1622 3613 Pyt/t.
1660 3540 1765 3596 0d.
1798 3544 1852 3606 4,

278 3629 366 3680 ubi
396 3629 621 3695 Cyrenae
654 3628 812 3694 lmjus
852 3628 1116 3695 originem
1167 3629 1425 3683 vindicat.
1461 3626 1534 3681 De
1577 3627 1856 3695 sequenti-

281 3712 380 3762 bus
412 3708 643 3761 duabus.
687 3706 819 3761 Itin.
861 3708 1054 3762 Anton.

350 3790 484 3844 Ibid.
516 3791 738 3855 Λιϐύης
776 3791 887 3856 τῆς
915 3790 1092 3842 κάτω.
1134 3791 1461 3844 Athanasius
1498 3790 1596 3858 τὴν
1627 3790 1855 3856 ἔγγιστα

280 3876 486 3941 Λιϐύης
542 3874 815 3941 appellare
868 3872 1033 3935 solet,
1084 3882 1143 3925 ut
1190 3872 1349 3940 epist.
1401 3874 1466 3924 ad
1513 3872 1851 3933 Antiochen,

282 3976 333 4024 p.
361 3957 490 4012 776.
525 3956 657 4009 Cum
692 3954 937 4009 Ilierocle
985 3953 1193 4007 Notitm
1238 3954 1365 4020 imp.
1410 3952 1637 4020 0rient.,
1672 3970 1792 4017 eap.
1824 3955 1848 4007 I

281 4040 431 4102 lacit,
482 4054 603 4109 qua:
648 4038 765 4105 eius
818 4038 981 4092 etiam
1029 4036 1555 4089 administrationem
1614 4036 1853 4105 praesidi,

278 4125 437 4177 sicuti
496 4126 627 4191 imp.
682 4120 1022 4176 Justinianus
1068 4118 1259 4174 Edicto
1305 4135 1424 4183 tun,
1472 4134 1523 4172 c.
1579 4120 1665 4184 t7,
1707 4134 1854 4172 com-

281 4206 466 4259 mittit.

351 4292 483 4344 lhid.
515 4290 924 4358 Παραιτόνιον.
951 4288 1127 4358 Libya:
1155 4288 1283 4342 hinc
1331 4286 1541 4340 inititnn
1570 4288 1734 4341 sumit
1764 4284 1855 4340 Ju-

282 4376 547 4429 stinianus
572 4373 763 4428 Edicto
790 4373 877 4429 l5.
900 4388 949 4427 c.
976 4372 1062 4425 18.
1096 4371 1345 4425 Lucanus
1369 4369 1617 4437 Syrtibus
1640 4372 1854 4439 apposi—

284 4471 393 4510 tum
428 4459 594 4511 fuisse
619 4459 831 4511 videtur
869 4457 1169 4519 cenSnisse,
1206 4473 1327 4509 cum
1358 4457 1410 4513 5.
1436 4455 1544 4509 9.95
1579 4457 1723 4508 canit
1756 4454 1857 4507 Us-

281 4559 380 4611 que
416 4542 745 4595 l‘arwtonias
792 4540 903 4593 an
938 4541 1006 4592 ad
1035 4541 1216 4592 littora
1256 4541 1460 4608 Syrtes,
1511 4540 1653 4592 baud
1700 4540 1859 4594 dubio

283 4641 609 4693 perperam:
646 4625 799 4690 longe
850 4626 992 4676 enim
1043 4623 1231 4689 Syrtes
1276 4638 1303 4673 a
1354 4621 1653 4675 Paraetonio
1697 4624 1862 4675 dista-

284 4711 432 4764 bant.
465 4706 692 4768 Tamen,
722 4706 875 4773 quasi
911 4716 1091 4757 certus
1128 4704 1287 4769 hujus
1321 4705 1613 4771 opinionis,
1650 4716 1696 4755 et
1732 4705 1858 4756 alibi

284 4793 473 4861 Syrtes
504 4790 736 4859 Aigypto
790 4804 937 4855 paene
973 4788 1170 4856 jungit,
1201 4786 1363 4839 veluti
1395 4787 1446 4849 7,
1478 4785 1583 4839 Mi
1622 4804 1634 4839 a
1681 4786 1856 4853 Syrti—

282 4876 377 4928 bus
399 4876 521 4926 hinc
545 4872 751 4941 Libycis
784 4881 895 4924 tuta
938 4881 1011 4923 est
1051 4869 1334 4938 A'Igyptns,
1359 4880 1411 4921 et
1442 4869 1546 4921 5ῑο
1582 4886 1593 4920 :
1627 4871 1690 4920 Et
1726 4871 1860 4921 trao’a

283 4967 543 5009 testantur
566 4957 782 5025 juncta:
820 4953 1073 5022 Egyptitt
1102 4950 1305 5020 Syrtes.

356 5041 488 5093 Ibid.
538 5037 1054 5107 Ζωγροζαγούλης.
1119 5034 1176 5088 L.
1228 5032 1536 5086 llolslcnius
1591 5032 1641 5084 in
1683 5032 1859 5085 Caroli

286 5138 313 5172 a
365 5123 423 5173 S.
482 5122 642 5174 Paulo
694 5120 999 5190 Gcograph.
1039 5116 1097 5170 S.
1144 5118 1349 5169 duabus
1398 5116 1617 5169 \ocibns
1663 5114 1860 5184 Ζὼγρα

284 5204 520 5271 Ζαγυλις
574 5205 856 5272 legendum
918 5212 1011 5255 aut
1059 5202 1191 5254 duas
1232 5201 1347 5252 illas
1402 5200 1563 5251 urch
1615 5198 1665 5249 in
1697 5214 1858 5250 uuam

286 5290 540 5356 deinceps
571 5287 838 5341 coaluisse
875 5287 1204 5347 arbitratur;
1232 5283 1371 5352 quod
1400 5293 1449 5335 ct
1487 5281 1615 5333 mihi
1649 5282 1854 5335 arrisit.

571 5873 832 5930 l’Al’ltUL
881 5872 976 5928 litt
1043 5866 1252 5927 CXIII.

1096 350 1483 412 COMMENT.
1526 354 1602 413 IN
1647 341 2061 411 IIIEROCLIS
2104 338 2619 399 SYNECDEMUM

3361 330 3503 395 1191

1926 467 2228 522 l‘hilocalus
2258 466 2545 533 Ζαγυ).έων
2588 466 2820 518 antistes
2850 471 2933 517 est
2977 462 3030 515 in
3073 458 3305 513 concilio
3336 458 3501 511 (Inal-

1929 553 2143 616 cedem,
2175 567 2227 617 p.
2259 551 2359 603 127
2405 560 2459 603 et
2496 548 2634 617 apud
2675 546 3024 602 Lambecium
3064 544 3202 596 Bibl.
3257 540 3509 605 Vindob.,

1929 652 2047 700 vnt,
2080 651 2132 702 p.
2164 636 2288 689 425.
2318 632 2580 687 Maximus
2609 630 2895 699 Ζαγὺ).εω;
2936 628 3202 683 Genuadii
3231 626 3513 696 Synodicae

1928 719 2243 775 subscribit.
2277 717 2603 771 Athanasius
2637 720 2701 768 a.l
2730 714 3053 768 Antiochen.
3097 710 3219 764 767.
3244 709 3511 770 Marcum,

1934 803 2161 872 Ζύγρων
2178 801 2277 871 τῆς
2294 801 2521 869 ἔγγιστα
2538 800 2741 869 Λιϐύης
2761 806 3044 853 memorat.
3064 794 3351 849 Ptolemaeo
3368 802 3513 847 utra-

1929 900 2034 955 que
2059 894 2164 949 est,
2193 885 2354 954 κώμη
2386 885 2556 950 vicus,
2587 898 2690 937 non
2730 880 3122 951 longoquidem
3167 879 3309 933 inter
3343 892 3401 931 se
3431 878 3516 931 in-

1935 970 2179 1028 tervallo.
2215 984 2315 1023 nec
2338 968 2508 1034 juncti
2550 979 2728 1022 tamen
2763 966 3087 1021 arctissime.

2006 1055 2139 1109 Ibid.
2174 1052 2442 1107 Πιδονία.
2488 1052 2743 1122 Πηδωνία
2789 1062 2843 1105 et
2883 1048 3159 1105 Ptolemaei
3213 1061 3378 1116 prope
3412 1044 3516 1098 Cai—

1940 1138 2247 1191 labathmou
2274 1150 2534 1202 parvum;
2567 1145 2728 1202 atque
2772 1134 2916 1187 haud
2948 1134 3060 1187 scio
3096 1147 3161 1184 an
3205 1132 3328 1183 hinc
3355 1127 3519 1181 fuerit

1939 1215 2161 1283 Apollon
2196 1218 2457 1281 Πιθανίας
2486 1218 2539 1271 in
2575 1218 2844 1287 Synodira
2876 1216 3125 1271 Genadii.

2012 1299 2141 1352 Ibid.
2188 1300 2496 1371 Ἀντιφρὼ.
2550 1300 2733 1354 Eidem
2776 1298 3063 1369 Synodicae
3110 1297 3336 1367 Apollon
3392 1294 3519 1346 'Av-

1942 1380 2149 1450 τίφρων
2187 1383 2497 1437 subscribit.
2534 1384 2817 1452 Ἀντίφραι
2886 1380 3165 1444 Straboni,
3228 1380 3317 1448 qui
3369 1393 3516 1437 xv”,

1944 1479 1997 1534 p.
2031 1464 2137 1517 799
2179 1478 2283 1515 non
2315 1463 2468 1532 longe
2498 1482 2527 1519 a
2566 1466 2705 1519 mari
2745 1466 2912 1518 locat.

2016 1546 2149 1599 Ibid.
2180 1544 2412 1613 Δάρνις.
2446 1544 2566 1601 Haec
2590 1547 2882 1617 provinciae
2912 1546 3012 1599 fuit
3045 1543 3380 1612 metropolis,
3417 1543 3517 1596 nisi

1947 1629 2098 1684 Nilus
2127 1627 2485 1696 Doxopatrius
2522 1630 2689 1697 fallat,
2727 1641 2877 1685 certe
2923 1640 3209 1698 corruptus
3256 1644 3379 1681 cum
3424 1643 3518 1680 ur-

1950 1714 2068 1768 bem
2123 1710 2379 1781 Δαρικὼ,
2437 1728 2489 1781 p.
2562 1711 2667 1765 2'23
2722 1722 2896 1768 vocat.
2963 1712 3121 1766 Plura
3194 1713 3316 1765 Ant.
3363 1710 3520 1772 It.‘n.,

2020 1881 2151 1933 lbitl.
2185 1877 2578 1946 Ἀμμωνιακῂ
2622 1878 2785 1932 Recte
2830 1878 2899 1932 ita
2945 1895 3072 1934 mss.
3107 1878 3351 1947 Lttgdun.
3406 1875 3521 1929 Non

1950 1965 2051 2019 alia
2093 1971 2175 2017 est
2206 1977 2269 2015 ac
2312 1962 2583 2017 Ptolemaei
2623 1962 2777 2033 χώρα
2808 1962 3194 2032 Ἀμμωνιακὴ,
3231 1962 3352 2016 coeli
3394 1961 3524 2014 soli-
3599 1953 3613 1960 ’

1950 2062 2055 2117 que
2088 2045 2333 2099 siccitate
2384 2061 2598 2114 aspera.
2642 2045 2980 2099 Athanasius
3007 2045 3396 2113 ’Δμμωνιακὴν
3426 2044 3524 2112 τῆς

1950 2132 2177 2201 Λιϐύης.
2240 2130 2391 2198 Apol.
2445 2132 2510 2184 ad
2557 2129 2955 2189 Constantium,
3020 2141 3074 2195 p.
3121 2125 3221 2179 517
3268 2126 3524 2197 appellat.

1950 2227 2005 2271 et
2052 2218 2255 2275 exsiliis
2278 2217 2658 2283 episcoporum
2709 2212 3043 2279 frequentem
3096 2207 3262 2262 fuisse
3311 2217 3417 2261 tum
3460 2224 3527 2263 eo

1952 2301 2069 2355 loco
2112 2311 2222 2354 tum
2266 2300 2470 2352 "lator.
2529 2296 2737 2356 Arium,
2789 2310 2842 2362 p.
2903 2293 3003 2347 587
3050 2290 3337 2361 signiﬁcat.
3395 2290 3527 2342 For-

1955 2392 2097 2438 tasse
2119 2393 2171 2437 et
2224 2385 2327 2437 huc
2356 2381 2586 2451 pertinet
2630 2378 2788 2432 0asis
2822 2375 3130 2437 Strabonis,
3169 2388 3330 2442 quam
3364 2386 3532 2441 prope

1952 2468 2233 2521 Ammonis
2281 2465 2561 2520 oraculum
2610 2462 2860 2517 collocat.
2915 2458 3080 2514 Recte
3124 2471 3256 2514 sane
3311 2456 3532 2508 Ammo-

1955 2552 2107 2605 niace
2139 2549 2515 2618 appellabitur.

1952 2620 1955 2627 ’
2022 2633 2155 2686 Ibid.
2195 2631 2325 2684 litat
2360 2630 2468 2697 τῆς
2502 2628 2753 2693 δύσεως.
2790 2625 2915 2681 Haec
2949 2634 3002 2679 et
3039 2638 3158 2694 quae
3206 2631 3531 2691 sequuntur,

1954 2732 2115 2770 ams.
2160 2715 2411 2768 Leidensi
2461 2713 2733 2776 exsulant,
2774 2711 2917 2765 hanc
2942 2710 3235 2764 clausulam
3277 2708 3532 2771 addente,

1953 2799 2119 2861 Τὲὶος
2161 2798 2253 2850 τοῦ
2308 2796 2611 2863 καταλόγου
2684 2795 2874 2847 πασῶν
2936 2794 3043 2846 τῶν
3098 2791 3377 2863 ἐπαρχιῶν
3439 2793 3537 2841 καὶ

1956 2883 2161 2935 πόλεων
2182 2882 2289 2934 τῶν
2319 2881 2422 2933 ὑπὸ
2452 2880 2547 2931 τοῦ
2574 2879 2838 2947 βασιλέως
2871 2877 2981 2931 τῶν
3020 2872 3445 2941 Ῥωμαίων,τοῦ
3478 2876 3534 2925 ἐν

1956 2963 2555 3027 Κωνσταντινουπό).ει,
2588 2961 3017 3031 διοικουμένωνε
3050 2975 3169 3029 qua:
3202 2959 3333 3012 mihi
3366 2957 3536 3010 multo

1957 3062 2173 3115 quoque
2196 3047 2389 3113 justior
2414 3055 2468 3099 et
2494 3046 2669 3099 verior
2696 3047 2800 3097 illis
2844 3045 3058 3098 videtur
3092 3059 3209 3112 quae
3233 3042 3291 3096 L.
3322 3041 3535 3094 Holstc-

1957 3132 2081 3185 nius
2142 3144 2206 3185 ex
2260 3130 2371 3184 suis
2434 3130 2709 3183 codicibus
2757 3128 3030 3195 excerpsit
3083 3144 3094 3176 :
3156 3140 3330 3193 neque
3391 3125 3535 3179 enim

1958 3216 2239 3269 commode
2268 3212 2580 3267 Occidentis
2616 3212 2844 3280 imperio
2884 3211 2951 3262 ab
2982 3207 3229 3266 Hierocle
3246 3209 3538 3277 provincia:

1961 3299 2302 3359 tribuentur,
2390 3312 2510 3366 quae
2569 3295 2737 3364 ipsius
2797 3303 2955 3346 aetate
3021 3293 3235 3346 amissa:
3315 3306 3539 3359 prorsus

1958 3391 2151 3445 erant;
2203 3378 2505 3447 ettjttsmodi
2555 3378 2827 3448 pleraeque
2875 3386 2996 3429 sunt
3043 3390 3176 3443 quas
3220 3374 3539 3442 subjunctas

1965 3465 2137 3517 vitles.

2030 3546 2165 3600 Ibid.
2216 3546 2539 3614 Γαλήγων.
2580 3543 2797 3596 Γάλλων
2850 3552 2941 3594 aut
2977 3540 3235 3595 Γαλατῶν
3273 3552 3366 3596 aut
3401 3541 3541 3594 Fat).-

1957 3628 2088 3682 λιῶν
2118 3638 2455 3697 oportuerat.

2030 3713 2141 3765 Ibid
2208 3711 2502 3763 Σπανίων.
2547 3709 2784 3763 Soletuui
2820 3725 2967 3763 more
2998 3725 3093 3776 pro
3125 3710 3434 3764 Ἰσπανίων.
3464 3709 3540 3763 Ita

1957 3794 2152 3848 Paulus
2182 3790 2352 3859 Epist.
2408 3791 2474 3842 ad
2506 3789 2727 3842 Roman.
2778 3806 2880 3855 xv,
2926 3790 2995 3842 28
3034 3792 3130 3859 τὴν
3179 3792 3439 3855 Σπανίαν,
3487 3808 3542 3845 et

1958 3875 2197 3927 Galenus
2246 3876 2375 3942 περὶ
2425 3889 2585 3940 τροφ.
2637 3872 2833 3940 suam.
2884 3887 2955 3933 ιι,
3016 3887 3068 3936 p.
3110 3872 3215 3925 59.0
3255 3875 3396 3926 κατᾶ
3442 3875 3541 3943 τὴν

1972 3957 2207 4027 Ἰϐηρίαν
2235 3973 2293 4007 τε
2338 3956 2433 4007 καὶ
2463 3954 2703 4006 Σπανίαν
2733 3952 3163 4023 ὀνομαζομένην,
3199 3962 3253 4007 (ἰ
3296 3956 3541 4007 Athana—-

1960 4043 2074 4094 sius
2126 4039 2214 4090 τὸν
2259 4038 2367 4089 τῶν
2405 4036 2654 4088 Σπανέων
2687 4035 2877 4088 ’Ὁσιον
2932 4045 3227 4105 nuncupat.
3281 4038 3543 4091 Similiter

1960 4122 2182 4177 Σπάνιοι
2230 4123 2387 4174 ἵπποι
2428 4120 2566 4184 apud
2610 4120 2895 4189 Apsyrtutu
2935 4118 3172 4187 Ilippiat,
3223 4139 3268 4175 c.
3326 4123 3445 4186 llz‘i,
3489 4133 3544 4176 ιιι

1964 4207 2169 4260 Melane
2212 4206 2271 4256 τὸ
2324 4205 2480 4271 γένος
2534 4203 2720 4271 Σπάνη
2780 4202 2831 4254 in
2877 4201 3019 4255 Hist.
3081 4202 3239 4257 Laus.
3294 4205 3539 4265 I’allaulii.

1964 4304 2012 4343 c.
2057 4287 2143 4341 65.
2179 4287 2327 4340 Adde
2362 4286 2687 4339 Salmasium
2723 4285 2774 4338 iu
2805 4284 3079 4353 Spartitm.
3111 4286 3374 4352 Hadrian,
3405 4307 3453 4343 c.
3490 4292 3538 4352 l,

1962 4381 2016 4425 et
2045 4369 2128 4424 Jo.
2171 4369 2440 4423 Rhodium
2477 4370 2528 4421 in
2561 4367 2749 4421 ιε’πίεο
2784 4368 3150 4424 Scriboniano.

2036 4454 2167 4507 Ibil.
2202 4452 2576 4520 Βρισγάμων.
2615 4451 2924 4520 Βριτάννων
2956 4453 3194 4507 scribere
3227 4454 3410 4507 vo'uit.

2037 4537 2170 4591 Ibid.
2220 4535 2510 4604 Ἐπαρχία
2556 4534 2860 4599 Σικελίας.
2906 4534 3015 4589 llas
3067 4546 3176 4591 tres
3214 4539 3276 4588 ad
3332 4539 3539 4591 Italiam

1966 4623 2237 4689 pertinere
2286 4620 2349 4672 L.
2397 4619 2703 4673 Holsmnius
2756 4620 2985 4688 margini
3035 4620 3310 4688 ascripsit,
3371 4635 3545 4689 eaque
3612 4650 3632 4663 -

1967 4707 2175 4757 ratione
2248 4719 2533 4757 numerum
2599 4702 2692 4755 VH
2747 4704 3147 4773 provinciarum
3219 4706 3538 4764 rotundari;

1963 4788 2104 4853 quod
2140 4787 2213 4838 uti
2246 4802 2430 4837 verum
2454 4796 2558 4848 est,
2593 4787 2663 4838 ita
2691 4788 3016 4855 scriptorem
3039 4786 3093 4840 id
3124 4787 3352 4842 voluisse
3385 4788 3542 4841 dubi-

1968 4880 2047 4922 tes
2077 4887 2088 4920 :
2122 4885 2183 4921 ca
2216 4869 2360 4921 enim
2391 4869 2436 4921 si
2466 4869 2669 4921 homini
2717 4870 2899 4936 Opinio
2946 4872 3063 4933 fuit,
3099 4886 3196 4924 cur
3242 4871 3403 4924 Italiae
3432 4882 3543 4924 trcs

1966 4951 2064 5005 has
2098 4951 2405 5018 provincias
2440 4965 2543 5001 non
2590 4950 2839 5003 addidit?
2887 4952 3073 5005 Putem
3111 4955 3213 5007 hoc
3237 4954 3543 5006 auctarium

1966 5050 2070 5087 non
2103 5034 2264 5087 unius
2289 5048 2407 5087 esse
2450 5036 2708 5100 auctoris,
2758 5036 3021 5104 novisque
3050 5036 3454 5091 accessionibus
3488 5037 3541 5089 in

1967 5121 2106 5172 hanc
2164 5117 2391 5171 formam
2450 5134 2478 5171 a
2535 5120 2767 5175 diversis
2800 5120 2969 5175 fuisse
2991 5130 3350 5176 exstructum.
3385 5122 3546 5174 Certe

1966 5202 2182 5270 dignum
2221 5216 2325 5253 non
2368 5205 2620 5273 estquod
2652 5220 2749 5261 nos
2782 5205 3032 5269 multum,
3085 5214 3280 5259 metam
3323 5206 3539 5257 tandem

1966 5294 2264 5347 assecutus.
2298 5297 2560 5342 moretur.

3152 5863 3231 5923 38
